@article{aaronson2003p,
  title={Is P versus NP formally independent?},
  author={Aaronson, Scott and Is, P},
  journal={Bulletin of the EATCS},
  volume={81},
  number={109-136},
  pages={70},
  year={2003}
}

@article{aaronson2005guest,
  title={Guest column: NP-complete problems and physical reality},
  author={Aaronson, Scott},
  journal={ACM SIGACT News},
  volume={36},
  number={1},
  pages={30--52},
  year={2005},
  publisher={ACM New York, NY, USA}
}

@article{abu1987optical,
  title={Optical neural computers},
  author={Abu-Mostafa, Yaser S and Psaltis, Demetri},
  journal={Scientific American},
  volume={256},
  number={3},
  pages={88--95},
  year={1987},
  publisher={JSTOR}
}

@article{aharonovich2016solid,
  title={Solid-state single-photon emitters},
  author={Aharonovich, Igor and Englund, Dirk and Toth, Milos},
  journal={Nature Photonics},
  volume={10},
  number={10},
  pages={631},
  year={2016},
  publisher={Nature Publishing Group}
}

@inproceedings{ahn1998approximate,
  title={Approximate inverse preconditioner for near resonant scattering problems},
  author={Ahn, CH and Chew, Weng Cho and Zhao, JS and Michielssen, E},
  booktitle={IEEE Antennas and Propagation Society International Symposium. 1998 Digest. Antennas: Gateways to the Global Network},
  volume={3},
  pages={1546--1549},
  year={1998},
  organization={IEEE}
}

@article{albrechtsen2021nanometer,
  title={Nanometer-scale photon confinement inside dielectrics},
  author={Albrechtsen, Marcus and Lahijani, Babak Vosoughi and Christiansen, Rasmus Elleb{\ae}k and Nguyen, Vy Thi Hoang and Casses, Laura Nevenka and Hansen, S{\o}ren Engelberth and Stenger, Nicolas and Sigmund, Ole and Jansen, Henri and M{\o}rk, Jesper and others},
  journal={arXiv:2108.01681},
  year={2021}
}

@article{al2018enlarged,
  title={Enlarged GMRES for solving linear systems with one or multiple right-hand sides},
  author={Al Daas, Hussam and Grigori, Laura and H{\'e}non, Pascal and Ricoux, Philippe},
  journal={IMA Journal of Numerical Analysis},
  year={2018}
}

@article{anguita2016ultra,
  title={Ultra-broadband light trapping using nanotextured decoupled graphene multilayers},
  author={Anguita, Jos{\'e} V and Ahmad, Muhammad and Haq, Sajad and Allam, Jeremy and Silva, S Ravi P},
  journal={Science Advances},
  volume={2},
  number={2},
  pages={e1501238},
  year={2016},
  doi={10.1126/sciadv.1501238},
  publisher={American Association for the Advancement of Science}
}

@incollection{atkinson2009numerical,
  title={Numerical solution of fredholm integral equations of the second kind},
  author={Atkinson, Kendall and Han, Weimin},
  booktitle={Theoretical Numerical Analysis},
  pages={473--549},
  year={2009},
  publisher={Springer}
}

@article{akselrod2014probing,
  title={Probing the mechanisms of large Purcell enhancement in plasmonic nanoantennas},
  author={Akselrod, Gleb M and Argyropoulos, Christos and Hoang, Thang B and Cirac{\`\i}, Cristian and Fang, Chao and Huang, Jiani and Smith, David R and Mikkelsen, Maiken H},
  journal={Nature Photonics},
  volume={8},
  number={11},
  pages={835},
  year={2014},
  publisher={Nature Publishing Group}
}

@article{akgol2018design,
  title={Design of metasurface polarization converter from linearly polarized signal to circularly polarized signal},
  author={Akgol, Oguzhan and Unal, Emin and Altintas, Olcay and Karaaslan, Muharrem and Karadag, Faruk and Sabah, Cumali},
  journal={Optik},
  volume={161},
  pages={12--19},
  year={2018},
  publisher={Elsevier}
}

@article{ang2017quantum,
  title={Quantum limit for two-dimensional resolution of two incoherent optical point sources},
  author={Ang, Shan Zheng and Nair, Ranjith and Tsang, Mankei},
  journal={Physical Review A},
  volume={95},
  number={6},
  pages={063847},
  year={2017},
  publisher={APS}
}

@article{angeris2019computational,
  title={Computational bounds for photonic design},
  author={Angeris, Guillermo and Vu{\v{c}}kovi{\'c}, Jelena and Boyd, Stephen P},
  journal={ACS Photonics},
  volume={6},
  number={5},
  pages={1232},
  year={2019},
  publisher={ACS Publications},
  doi={10.1021/acsphotonics.9b00154}
}

@article{angeris2021heuristic,
  title={Heuristic methods and performance bounds for photonic design},
  author={Angeris, Guillermo and Vu{\v{c}}kovi{\'c}, Jelena and Boyd, Stephen},
  journal={Optics Express},
  volume={29},
  number={2},
  pages={2827--2854},
  year={2021},
  publisher={Optical Society of America}
}

@article{angeris2021convex,
  title={Convex restrictions in physical design},
  author={Angeris, Guillermo and Vu{\v{c}}kovi{\'c}, Jelena and Boyd, Stephen},
  journal={Scientific Reports},
  volume={11},
  number={1},
  pages={1--10},
  year={2021},
  publisher={Nature Publishing Group},
  doi={10.1038/s41598-021-92451-1}
}

@article{alpeggiani2017quasinormal,
  title={Quasinormal-mode expansion of the scattering matrix},
  author={Alpeggiani, Filippo and Parappurath, Nikhil and Verhagen, Ewold and Kuipers, L},
  journal={Physical Review X},
  volume={7},
  number={2},
  pages={021035},
  year={2017},
  publisher={APS}
}

@article{askar2015solving,
  title={On solving pentadiagonal linear systems via transformations},
  author={Askar, SS and Karawia, AA},
  journal={Mathematical Problems in Engineering},
  volume={2015},
  year={2015},
  publisher={Hindawi}
}

@article{ballarini2019polaritonics,
  title={Polaritonics: from microcavities to sub-wavelength confinement},
  author={Ballarini, Dario and De Liberato, Simone},
  journal={Nanophotonics},
  volume={8},
  number={4},
  pages={641--654},
  year={2019},
  publisher={De Gruyter}
}

@article{banerji2019imaging,
	title = {Imaging with flat optics: metalenses or diffractive lenses?},
	volume = {6},
	issn = {2334-2536},
	shorttitle = {Imaging with flat optics},
	url = {https://www.osapublishing.org/optica/abstract.cfm?uri=optica-6-6-805},
	doi = {10.1364/OPTICA.6.000805},
	number = {6},
	urldate = {2021-09-01},
	journal = {Optica},
	author = {Banerji, Sourangsu and Meem, Monjurul and Majumder, Apratim and Vasquez, Fernando Guevara and Sensale-Rodriguez, Berardi and Menon, Rajesh},
	month = jun,
	year = {2019},
	publisher = {Optical Society of America},
	pages = {805--810}
}

@article{barnett1996sum,
  title = {Sum rule for modified spontaneous emission rates},
  volume = {77},
  doi = {10.1103/PhysRevLett.77.2444},
  number = {12},
  journal = {Physical Review Letters},
  author = {Barnett, Stephen M. and Loudon, Rodney},
  year = {1996},
  pages = {2444--2446},
}

@article{bates2013stochastic,
	title = {Stochastic optical reconstruction microscopy (STORM): a method for superresolution fluorescence imaging},
	volume = {2013},
	issn = {1940-3402, 1559-6095},
	url = {http://cshprotocols.cshlp.org/content/2013/6/pdb.top075143},
	doi = {10.1101/pdb.top075143},
	number = {6},
	urldate = {2021-08-31},
	journal = {Cold Spring Harbor Protocols},
	author = {Bates, Mark and Jones, Sara A. and Zhuang, Xiaowei},
	month = jun,
	year = {2013},
	pmid = {23734025},
}

@article{baum1986bounds,
  title={Bounds on norms of scattering matrices},
  author={Baum, Carl},
  journal={Electromagnetics},
  volume={6},
  number={1},
  pages={33--45},
  year={1986},
  publisher={Taylor \& Francis}
}

@article{bayati2020inverse,
  title={Inverse designed metalenses with extended depth of focus},
  author={Bayati, Elyas and Pestourie, Raphael and Colburn, Shane and Lin, Zin and Johnson, Steven G and Majumdar, Arka},
  journal={ACS Photonics},
  volume={7},
  number={4},
  pages={873},
  year={2020},
  publisher={ACS Publications},
  doi={10.1021/acsphotonics.9b01703}
}

@article{beck2006strong,
  title={Strong duality in nonconvex quadratic optimization with two quadratic constraints},
  author={Beck, Amir and Eldar, Yonina C},
  journal={SIAM Journal on Optimization},
  volume={17},
  number={3},
  pages={844--860},
  year={2006},
  publisher={SIAM}
}

@article{ben-abdallahFundamental2010,
  title = {Fundamental limits for noncontact transfers between two bodies},
  volume = {82},
  url = {https://link.aps.org/doi/10.1103/PhysRevB.82.121419},
  doi = {10.1103/PhysRevB.82.121419},
  number = {12},
  urldate = {2021-08-13},
  journal = {Physical Review B},
  author = {Ben-Abdallah, Philippe and Joulain, Karl},
  year = {2010},
  publisher = {American Physical Society},
  pages = {121419},
}


@article{belushkin2018nanoparticle,
  title={Nanoparticle-enhanced plasmonic biosensor for digital biomarker detection in a microarray},
  author={Belushkin, Alexander and Yesilkoy, Filiz and Altug, Hatice},
  journal={ACS Nano},
  volume={12},
  number={5},
  pages={4453--4461},
  year={2018},
  publisher={ACS Publications}
}

@article{berenger2007huygens,
  title={On the {Huygens} absorbing boundary conditions for electromagnetics},
  author={B{\'e}renger, Jean-Pierre},
  journal={Journal of Computational Physics},
  volume={226},
  number={1},
  pages={354--378},
  year={2007},
  publisher={Elsevier}
}

@article{berg2011new,
  title={A new explanation of the extinction paradox},
  author={Berg, Matthew J and Sorensen, CM and Chakrabarti, A},
  journal={Journal of Quantitative Spectroscopy and Radiative Transfer},
  volume={112},
  number={7},
  pages={1170--1181},
  year={2011},
  publisher={Elsevier}
}

@article{betzig1986near,
	title = {Near field scanning optical microscopy (NSOM): development and biophysical applications},
	volume = {49},
	issn = {0006-3495},
	shorttitle = {Near {Field} {Scanning} {Optical} {Microscopy} ({NSOM})},
	doi = {10.1016/S0006-3495(86)83640-2},
	number = {1},
	journal = {Biophysical Journal},
	author = {Betzig, E. and Lewis, A. and Harootunian, A. and Isaacson, M. and Kratschmer, E.},
	month = jan,
	year = {1986},
	pmid = {19431633},
	pmcid = {PMC1329633},
	pages = {269--279},
}

@article{biswas2018tunable,
  title={Tunable graphene metasurface reflectarray for cloaking, illusion, and focusing},
  author={Biswas, Sudipta Romen and Guti{\'e}rrez, Cristian E and Nemilentsau, Andrei and Lee, In-Ho and Oh, Sang-Hyun and Avouris, Phaedon and Low, Tony},
  journal={Physical Review Applied},
  volume={9},
  number={3},
  pages={034021},
  year={2018},
  publisher={APS}
}

@article{bliokh2015spin,
  title={Spin--orbit interactions of light},
  author={Bliokh, Konstantin Yu and Rodr{\'\i}guez-Fortu{\~n}o, Francisco J and Nori, Franco and Zayats, Anatoly V},
  journal={Nature Photonics},
  volume={9},
  number={12},
  pages={796},
  year={2015},
  publisher={Nature Publishing Group}
}

@article{bogaerts2020programmable,
  title={Programmable photonic circuits},
  author={Bogaerts, Wim and P{\'e}rez, Daniel and Capmany, Jos{\'e} and Miller, David AB and Poon, Joyce and Englund, Dirk and Morichetti, Francesco and Melloni, Andrea},
  journal={Nature},
  volume={586},
  number={7828},
  pages={207--216},
  year={2020},
  publisher={Nature Publishing Group}
}

@article{bogdanov2015optical,
	title = {Optical forces in nanorod metamaterial},
	volume = {5},
	copyright = {2015 The Author(s)},
	issn = {2045-2322},
	url = {https://www.nature.com/articles/srep15846},
	doi = {10.1038/srep15846},
	number = {1},
	urldate = {2021-08-23},
	journal = {Scientific Reports},
	author = {Bogdanov, Andrey A. and Shalin, Alexander S. and Ginzburg, Pavel},
	month = oct,
	year = {2015}
}

@article{boroditsky1999spontaneous,
  title={Spontaneous emission extraction and Purcell enhancement from thin-film 2-D photonic crystals},
  author={Boroditsky, Misha and Vrijen, Rutger and Coccioli, Roberto and Bhat, Raj and Yablonovitch, Eli},
  journal={Journal of Lightwave technology},
  volume={17},
  number={11},
  pages={2096},
  year={1999},
  publisher={IEEE}
}

@article{bose2015quadratically,
  title={Quadratically constrained quadratic programs on acyclic graphs with application to power flow},
  author={Bose, Subhonmesh and Gayme, Dennice F and Chandy, K Mani and Low, Steven H},
  journal={IEEE Transactions on Control of Network Systems},
  volume={2},
  number={3},
  pages={278--287},
  year={2015},
  publisher={IEEE}
}

@article{boutami2019efficient,
  title={Efficient pixel-by-pixel optimization of photonic devices utilizing the Dyson’s equation in a Green’s function formalism: Part II. Implementation using standard electromagnetic solvers},
  author={Boutami, Salim and Fan, Shanhui},
  journal={Journal of the Optical Society of America B},
  volume={36},
  number={9},
  pages={2387--2394},
  year={2019},
  publisher={Optical Society of America}
}

@book{boyd2004convex,
  title={Convex optimization},
  author={Boyd, Stephen and Vandenberghe, Lieven},
  year={2004},
  publisher={Cambridge University Press}
}

@book{boyd2011distributed,
  title={Distributed optimization and statistical learning via the alternating direction method of multipliers},
  author={Boyd, Stephen and Parikh, Neal and Chu, Eric},
  year={2011},
  publisher={Now Publishers Inc}
}

@book{bredon2013topology,
  title={Topology and geometry},
  author={Bredon, Glen E},
  volume={139},
  year={2013},
  publisher={Springer Science \& Business Media}
}

@article{briggs2016fully,
  title={Fully CMOS-compatible titanium nitride nanoantennas},
  author={Briggs, Justin A and Naik, Gururaj V and Petach, Trevor A and Baum, Brian K and Goldhaber-Gordon, David and Dionne, Jennifer A},
  journal={Applied Physics Letters},
  volume={108},
  number={5},
  pages={051110},
  year={2016},
  publisher={AIP Publishing}
}

@book{brillouin2013wave,
  title={Wave propagation and group velocity},
  author={Brillouin, L{\'e}on},
  volume={8},
  year={2013},
  publisher={Academic press}
}

@article{britnell2013strong,
  title={Strong light-matter interactions in heterostructures of atomically thin films},
  author={Britnell, Liam and Ribeiro, RM and Eckmann, A and Jalil, R and Belle, BD and Mishchenko, A and Kim, Y-J and Gorbachev, RV and Georgiou, T and Morozov, SV and others},
  journal={Science},
  volume={340},
  number={6138},
  pages={1311--1314},
  year={2013},
  publisher={American Association for the Advancement of Science}
}

@article{brunner2020photonics,
	title = {Photonics for computing and computing for photonics},
	volume = {9},
	issn = {2192-8614},
	url = {https://www.degruyter.com/document/doi/10.1515/nanoph-2020-0470/html},
	doi = {10.1515/nanoph-2020-0470},
	number = {13},
	urldate = {2021-08-31},
	journal = {Nanophotonics},
	author = {Brunner, Daniel and Marandi, Alireza and Bogaerts, Wim and Ozcan, Aydogan},
	month = oct,
	year = {2020},
	publisher = {De Gruyter},
	pages = {4053--4054},
}

@book{cai2010optical,
  title={Optical metamaterials},
  author={Cai, Wenshan and Shalaev, Vladimir M},
  year={2010},
  publisher={Springer}
}

@article{caldwell2014sub,
  title={Sub-diffractional volume-confined polaritons in the natural hyperbolic material hexagonal boron nitride},
  author={Caldwell, Joshua D and Kretinin, Andrey V and Chen, Yiguo and Giannini, Vincenzo and Fogler, Michael M and Francescato, Yan and Ellis, Chase T and Tischler, Joseph G and Woods, Colin R and Giles, Alexander J and others},
  journal={Nature Communications},
  volume={5},
  pages={5221},
  year={2014},
  publisher={Nature Publishing Group}
}

@article{callahan2012solar,
  title={Solar cell light trapping beyond the ray optic limit},
  author={Callahan, Dennis M and Munday, Jeremy N and Atwater, Harry A},
  journal={Nano letters},
  volume={12},
  number={1},
  pages={214--218},
  year={2012},
  publisher={ACS Publications}
}

@article{callewaert2018inverse,
  title={Inverse-designed broadband all-dielectric electromagnetic metadevices},
  author={Callewaert, Francois and Velev, Vesselin and Kumar, P and Sahakian, AV and Aydin, Koray},
  journal={Scientific Reports},
  volume={8},
  number={1},
  pages={1358},
  year={2018},
  publisher={Nature Publishing Group}
}

@article{capek2016optimal,
  title={Optimal composition of modal currents for minimal quality factor {Q}},
  author={Capek, Miloslav and Jelinek, Lukas},
  journal={IEEE Transactions on Antennas and Propagation},
  volume={64},
  number={12},
  pages={5230--5242},
  year={2016},
  publisher={IEEE}
}

@article{capek2017minimization,
	title = {Minimization of antenna quality factor},
	volume = {65},
	issn = {1558-2221},
	doi = {10.1109/TAP.2017.2717478},
	number = {8},
	journal = {IEEE Transactions on Antennas and Propagation},
	author = {Capek, Miloslav and Gustafsson, Mats and Schab, Kurt},
	month = aug,
	year = {2017}
}

@article{capek2019optimal,
  title={Optimal Planar Electric Dipole Antennas: searching for antennas reaching the fundamental bounds on selected metrics},
  author={Capek, Miloslav and Jelinek, Lukas and Schab, Kurt and Gustafsson, Mats and Jonsson, B Lars G and Ferrero, Fabien and Ehrenborg, Casimir},
  journal={IEEE Antennas and Propagation Magazine},
  volume={61},
  number={4},
  pages={19--29},
  year={2019},
  publisher={IEEE}
}

@inproceedings{capek2021fundamental,
  title={Fundamental Bounds for Multi-Port Antennas},
  author={Capek, Miloslav and Jelinek, Lukas and Masek, Michal},
  booktitle={2021 15th European Conference on Antennas and Propagation (EuCAP)},
  pages={1--4},
  year={2021},
  organization={IEEE}
}

@article{cassier2017bounds,
  title={Bounds on Herglotz functions and fundamental limits of broadband passive quasistatic cloaking},
  author={Cassier, Maxence and Milton, Graeme W},
  journal={Journal of Mathematical Physics},
  volume={58},
  number={7},
  pages={071504},
  year={2017},
  publisher={AIP Publishing}
}

@article{caves1994quantum,
  title={Quantum limits on bosonic communication rates},
  author={Caves, Carlton M and Drummond, Peter D},
  journal={Reviews of Modern Physics},
  volume={66},
  number={2},
  pages={481},
  year={1994},
  publisher={APS}
}

@article{chakravarthi2020inverse,
  title={Inverse-designed photon extractors for optically addressable defect qubits},
  author={Chakravarthi, Srivatsa and Chao, Pengning and Pederson, Christian and Molesky, Sean and Ivanov, Andrew and Hestroffer, Karine and Hatami, Fariba and Rodriguez, Alejandro W and Fu, Kai-Mei C},
  journal={Optica},
  volume={7},
  number={12},
  pages={1805--1811},
  year={2020},
  publisher={Optical Society of America}
}

@article{chambolle2011first,
  title={A first-order primal-dual algorithm for convex problems with applications to imaging},
  author={Chambolle, Antonin and Pock, Thomas},
  journal={Journal of mathematical imaging and vision},
  volume={40},
  number={1},
  pages={120--145},
  year={2011},
  publisher={Springer}
}

@article{chao2021physical,
  title={Physical limits on electromagnetic response}, 
  author={Pengning Chao and Benjamin Strekha and Rodrick Kuate Defo and Sean Molesky and Alejandro W. Rodriguez},
  journal={arXiv:2109.05667},
  year={2021},
}

@article{chen1977simple,
  title={A simple physical picture of tensor Green's function in source region},
  author={Chen, Kun-Mu},
  journal={Proceedings of the IEEE},
  volume={65},
  number={8},
  pages={1202--1204},
  year={1977},
  publisher={IEEE}
}

@book{chen1983theory,
  title={Theory of electromagnetic waves: a coordinate-free approach},
  author={Chen, Hollis C},
  year={1983},
  publisher={McGraw-Hill}
}

@article{chen2016multi,
  title={Multi-kilometer long, longitudinally uniform hollow core photonic bandgap fibers for broadband low latency data transmission},
  author={Chen, Yong and Liu, Zhixin and Sandoghchi, Seyed R and Jasion, Gregory T and Bradley, Tom D and Fokoua, Eric Numkam and Hayes, John R and Wheeler, Natalie V and Gray, David R and Mangan, Brian J and others},
  journal={Journal of Lightwave Technology},
  volume={34},
  number={1},
  pages={104--113},
  year={2016},
  publisher={IEEE}
}

@article{chen2019inverse,
  title={Inverse Design of Photonic Topological Insulators with Extra-Wide Bandgaps},
  author={Chen, Yafeng and Meng, Fei and Jia, Baohua and Li, Guangyao and Huang, Xiaodong},
  journal={Physica Status Solidi (RRL)--Rapid Research Letters},
  volume={13},
  number={9},
  pages={1900175},
  year={2019},
  publisher={Wiley Online Library}
}

@article{chen2012discontinuous,
  title={Discontinuous Galerkin time-domain methods for multiscale electromagnetic simulations: A review},
  author={Chen, Jiefu and Liu, Qing Huo},
  journal={Proceedings of the IEEE},
  volume={101},
  number={2},
  pages={242--254},
  year={2012},
  publisher={IEEE}
}

@article{chen2018dynamical,
  title={Dynamical isometry and a mean field theory of RNNs: Gating enables signal propagation in recurrent neural networks},
  author={Chen, Minmin and Pennington, Jeffrey and Schoenholz, Samuel S},
  journal={arXiv:1806.05394},
  year={2018}
}

@article{chen2018broadband,
	title = {A broadband achromatic metalens for focusing and imaging in the visible},
	volume = {13},
	copyright = {2017 © The Author (s) [YEAR], under exclusive licence to Macmillan Publishers Limited, part of Springer Nature},
	issn = {1748-3395},
	url = {https://www.nature.com/articles/s41565-017-0034-6},
	doi = {10.1038/s41565-017-0034-6},
	number = {3},
	urldate = {2021-09-01},
	journal = {Nature Nanotechnology},
	author = {Chen, Wei Ting and Zhu, Alexander Y. and Sanjeev, Vyshakh and Khorasaninejad, Mohammadreza and Shi, Zhujun and Lee, Eric and Capasso, Federico},
	month = mar,
	year = {2018},
}

@article{chiao2002fast,
	title = {Fast light, slow light},
	volume = {13},
	issn = {1541-3721},
	url = {https://www.osapublishing.org/opn/abstract.cfm?uri=opn-13-6-26},
	doi = {10.1364/OPN.13.6.000026},
	number = {6},
	urldate = {2021-08-20},
	journal = {Optics and Photonics News},
	author = {Chiao, Raymond Y. and Milonni, Peter W.},
	month = jun,
	year = {2002},
	publisher = {Optical Society of America},
	keywords = {Fast light, Phase velocity, Photons, Slow light, Wavefronts, X rays},
	pages = {26--30},
}

@article{chou2018ultracompact,
  title={Ultracompact pseudowedge plasmonic lasers and laser arrays},
  author={Chou, Yu-Hsun and Hong, Kuo-Bin and Chang, Chun-Tse and Chang, Tsu-Chi and Huang, Zhen-Ting and Cheng, Pi-Ju and Yang, Jhen-Hong and Lin, Meng-Hsien and Lin, Tzy-Rong and Chen, Kuo-Ping and others},
  journal={Nano Letters},
  volume={18},
  number={2},
  pages={747--753},
  year={2018},
  publisher={ACS Publications}
}

@book{choy2015effective,
  title={Effective medium theory: principles and applications},
  author={Choy, Tuck C},
  volume={165},
  year={2015},
  publisher={Oxford University Press}
}

@article{christiansen2019topological,
  title={Topological insulators by topology optimization},
  author={Christiansen, Rasmus E and Wang, Fengwen and Sigmund, Ole},
  journal={Physical Review Letters},
  volume={122},
  number={23},
  pages={234502},
  year={2019},
  publisher={APS}
}

@article{christiansen2021inverse,
  title={Inverse design in photonics by topology optimization: tutorial},
  author={Christiansen, Rasmus E and Sigmund, Ole},
  journal={JOSA B},
  volume={38},
  number={2},
  pages={496--509},
  year={2021},
  publisher={Optical Society of America}
}

@article{christiansen2020fullwave,
  title={Fullwave {Maxwell} inverse design of axisymmetric, tunable, and multi-scale multi-wavelength metalenses},
  author={Christiansen, Rasmus E and Lin, Zin and Roques-Carmes, Charles and Salamin, Yannick and Kooi, Steven E and Joannopoulos, John D and Solja{\v{c}}i{\'c}, Marin and Johnson, Steven G},
  journal={Optics Express},
  volume={28},
  number={23},
  pages={33854--33868},
  year={2020},
  publisher={Optical Society of America}
}


@article{chu1948physical,
  title={Physical limitations of omni-directional antennas},
  author={Chu, Lan Jen},
  journal={Journal of Applied Physics},
  volume={19},
  number={12},
  pages={1163--1175},
  year={1948},
  publisher={AIP}
}

@article{chung2020tunable,
  title={Tunable Metasurface Inverse Design for 80\% Switching Efficiencies and 144 Angular Deflection},
  author={Chung, Haejun and Miller, Owen D},
  journal={ACS Photonics},
  volume={7},
  number={8},
  pages={2236--2243},
  year={2020},
  publisher={ACS Publications}
}

@article{chung2020high,
  title={High-NA achromatic metalenses by inverse design},
  author={Chung, Haejun and Miller, Owen D},
  journal={Optics Express},
  volume={28},
  number={5},
  pages={6945--6965},
  year={2020},
  publisher={Optical Society of America}
}

@article{caulfield1977optical,
  title={Optical communication at the source bandwidth limit},
  author={Caulfield, H. John and Hirschfeld, Tomas},
  journal={Applied Optics},
  volume={16},
  number={5},
  pages={1184--1186},
  year={1977},
  publisher={Optical Society of America}
}

@article{costabel2012essential,
  title={The essential spectrum of the volume integral operator in electromagnetic scattering by a homogeneous body},
  author={Costabel, Martin and Darrigrand, Eric and Sakly, Hamdi},
  year={2012}
}

@book{colton2019inverse,
  title={Inverse acoustic and electromagnetic scattering theory},
  author={Colton, David and Kress, Rainer},
  volume={93},
  year={2019},
  publisher={Springer Nature}
}

@article{cortes2012quantum,
  title={Quantum nanophotonics using hyperbolic metamaterials},
  author={Cortes, CL and Newman, W and Molesky, S and Jacob, Z},
  journal={Journal of Optics},
  volume={14},
  number={6},
  pages={063001},
  year={2012},
  publisher={IOP Publishing}
}

@article{cortes2018fundamental,
  title={Fundamental figures of merit for engineering F{\"o}rster resonance energy transfer},
  author={Cortes, Cristian L and Jacob, Zubin},
  journal={Optics Express},
  volume={26},
  number={15},
  pages={19371--19387},
  year={2018},
  publisher={Optical Society of America}
}

@article{cox2018quantum,
  title={Quantum-limited atomic receiver in the electrically small regime},
  author={Cox, Kevin C and Meyer, David H and Fatemi, Fredrik K and Kunz, Paul D},
  journal={Physical Review Letters},
  volume={121},
  number={11},
  pages={110502},
  year={2018},
  publisher={APS}
}

@article{crook2020purcell,
  title={Purcell enhancement of a cavity-coupled single spin defect in silicon carbide},
  author={Crook, Alexander and Anderson, Christopher and Miao, Kevin and Bourassa, Alexandre and Lee, Hope and Bayliss, Sam and Bracher, David and Zhang, Xingyu and Abe, Hiroshi and Ohshima, Takeshi and others},
  journal={Bulletin of the American Physical Society},
  year={2020},
  publisher={APS}
}

@article{davoyan2018quantum,
  title={Quantum nonlinear light emission in metamaterials: broadband Purcell enhancement of parametric downconversion},
  author={Davoyan, Artur and Atwater, Harry},
  journal={Optica},
  volume={5},
  number={5},
  pages={608--611},
  year={2018},
  publisher={Optical Society of America}
}

@article{digani2022framework,
  title={Framework for Expediting Discovery of Optimal Solutions with Blackbox Algorithms in Non-Topology Photonic Inverse Design},
  author={Digani, Jagrit and Hon, Philip WC and Davoyan, Artur R},
  journal={ACS Photonics},
  volume={9},
  number={2},
  pages={432–442},
  year={2022},
  doi={10.1021/acsphotonics.1c01819},
  publisher={ACS Publications}
}

@article{dienerowitz2008optical,
  title={Optical manipulation of nanoparticles: a review},
  author={Dienerowitz, Maria and Mazilu, Michael and Dholakia, Kishan},
  journal={Journal of Nanophotonics},
  volume={2},
  number={1},
  pages={021875},
  year={2008},
  doi={10.1117/1.2992045},
  publisher={International Society for Optics and Photonics}
}

@article{dory2019inverse,
  title={Inverse-designed diamond photonics},
  author={Dory, Constantin and Vercruysse, Dries and Yang, Ki Youl and Sapra, Neil V and Rugar, Alison E and Sun, Shuo and Lukin, Daniil M and Piggott, Alexander Y and Zhang, Jingyuan L and Radulaski, Marina and others},
  journal={Nature communications},
  volume={10},
  number={1},
  pages={1--7},
  year={2019},
  publisher={Nature Publishing Group}
}

@article{dyachenko2016controlling,
  title={Controlling thermal emission with refractory epsilon-near-zero metamaterials via topological transitions},
  author={Dyachenko, Pavel N and Molesky, Sean and Petrov, A Yu and St{\"o}rmer, Michael and Krekeler, Tobias and Lang, Slawa and Ritter, Martin and Jacob, Zubin and Eich, Manfred},
  journal={Nature Communications},
  volume={7},
  pages={11809},
  year={2016},
  publisher={Nature Publishing Group}
}

@article{dyson1949s,
  title={The S matrix in quantum electrodynamics},
  author={Dyson, Freeman J},
  journal={Physical Review},
  volume={75},
  number={11},
  pages={1736},
  year={1949},
  publisher={APS}
}

@article{dzyaloshinskii1961general,
	title = {The general theory of van der {Waals} forces},
	volume = {10},
	issn = {0001-8732, 1460-6976},
	url = {http://www.tandfonline.com/doi/abs/10.1080/00018736100101281},
	doi = {10.1080/00018736100101281},
	number = {38},
	urldate = {2021-08-17},
	journal = {Advances in Physics},
	author = {Dzyaloshinskii, I.E. and Lifshitz, E.M. and Pitaevskii, L.P.},
	month = {apr},
	year = {1961},
	pages = {165--209},
}

@article{eggleston2015optical,
  title={Optical antenna enhanced spontaneous emission},
  author={Eggleston, Michael S and Messer, Kevin and Zhang, Liming and Yablonovitch, Eli and Wu, Ming C},
  journal={Proceedings of the National Academy of Sciences},
  volume={112},
  number={6},
  pages={1704--1709},
  year={2015},
  publisher={National Acad Sciences}
}

@article{ellis2017performance,
  title={Performance limits in optical communications due to fiber nonlinearity},
  author={Ellis, AD and McCarthy, ME and Al Khateeb, MAZ and Sorokina, M and Doran, NJ},
  journal={Advances in Optics and Photonics},
  volume={9},
  number={3},
  pages={429--503},
  year={2017},
  doi={10.1364/AOP.9.000429},
  publisher={Optical Society of America}
}

@article{estakhri2019inverse,
  title={Inverse-designed metastructures that solve equations},
  author={Estakhri, Nasim Mohammadi and Edwards, Brian and Engheta, Nader},
  journal={Science},
  volume={363},
  number={6433},
  pages={1333--1338},
  year={2019},
  publisher={American Association for the Advancement of Science}
}
@article{feichtner2017mode,
  title={Mode matching for optical antennas},
  author={Feichtner, Thorsten and Christiansen, Silke and Hecht, Bert},
  journal={Physical Review Letters},
  volume={119},
  number={21},
  pages={217401},
  year={2017},
  publisher={APS}
}

@book{felsen1994radiation,
  title={Radiation and scattering of waves},
  author={Felsen, Leopold B and Marcuvitz, Nathan},
  volume={31},
  year={1994},
  publisher={John Wiley \& Sons}
}

@article{feng2020wavelength,
  title={Wavelength-division-multiplexing (WDM)-based integrated electronic--photonic switching network (EPSN) for high-speed data processing and transportation},
  author={Feng, Chenghao and Ying, Zhoufeng and Zhao, Zheng and Gu, Jiaqi and Pan, David Z and Chen, Ray T},
  journal={Nanophotonics},
  volume={9},
  number={15},
  pages={4579--4588},
  year={2020},
  publisher={De Gruyter}
}

@article{fleury2014physical,
  title={Physical bounds on absorption and scattering for cloaked sensors},
  author={Fleury, Romain and Soric, Jason and Al{\`u}, Andrea},
  journal={Physical Review B},
  volume={89},
  number={4},
  pages={045122},
  year={2014},
  publisher={APS}
}

@article{fleury2015invisibility,
  title={Invisibility and cloaking: origins, present, and future perspectives},
  author={Fleury, Romain and Monticone, Francesco and Al{\`u}, Andrea},
  journal={Physical Review Applied},
  volume={4},
  number={3},
  pages={037001},
  year={2015},
  doi = {10.1103/PhysRevApplied.4.037001},
  publisher={APS}
}

@article{flick2018strong,
  title={Strong light-matter coupling in quantum chemistry and quantum photonics},
  author={Flick, Johannes and Rivera, Nicholas and Narang, Prineha},
  journal={Nanophotonics},
  volume={7},
  number={9},
  pages={1479--1501},
  year={2018},
  publisher={De Gruyter}
}

@book{folland1999real,
  title={Real analysis: modern techniques and their applications},
  author={Folland, Gerald B},
  volume={40},
  year={1999},
  publisher={John Wiley \& Sons}
}

@article{foresi1997photonic,
  title={Photonic-bandgap microcavities in optical waveguides},
  author={Foresi, JS and Villeneuve, Pierre R and Ferrera, J and Thoen, ER and Steinmeyer, G and Fan, S and Joannopoulos, JD and Kimerling, LC and Smith, Henry I and Ippen, EP},
  journal={Nature},
  volume={390},
  number={6656},
  pages={143--145},
  year={1997},
  publisher={Nature Publishing Group}
}

@article{friedler2009solid,
  title={Solid-state single photon sources: the nanowire antenna},
  author={Friedler, Inbal and Sauvan, Christophe and Hugonin, Jean-Paul and Lalanne, Philippe and Claudon, Julien and G{\'e}rard, Jean-Michel},
  journal={Optics Express},
  volume={17},
  number={4},
  pages={2095--2110},
  year={2009},
  publisher={Optical Society of America}
}

@article{frellsen2016topology,
  title={Topology optimized mode multiplexing in silicon-on-insulator photonic wire waveguides},
  author={Frellsen, Louise F and Ding, Yunhong and Sigmund, Ole and Frandsen, Lars H},
  journal={Optics Express},
  volume={24},
  number={15},
  pages={16866--16873},
  year={2016},
  publisher={Optical Society of America}
}

@article{fripp1876limits,
  title={On the Limits of the Optical Capacity of the Microscope},
  author={Fripp, H},
  journal={The Monthly Microscopical Journal},
  volume={16},
  number={1},
  pages={15--39},
  year={1876},
  publisher={Wiley Online Library}
}

@article{fuchs1976sum,
  title={Sum rule for the polarizability of small particles},
  author={Fuchs, R and Liu, SH},
  journal={Physical Review B},
  volume={14},
  number={12},
  pages={5521},
  year={1976},
  publisher={APS}
}

@article{gabr2019design,
  title={Design and optimization of optical passive elements using artificial neural networks},
  author={Gabr, Ahmed M and Featherston, Chris and Zhang, Chao and Bonfil, Cem and Zhang, Qi-Jun and Smy, Tom J},
  journal={Journal of the Optical Society of America B},
  volume={36},
  number={4},
  pages={999--1007},
  year={2019},
  publisher={Optical Society of America}
}

@article{ganahl2017continuous,
  title={Continuous matrix product states for quantum fields: An energy minimization algorithm},
  author={Ganahl, Martin and Rinc{\'o}n, Juli{\'a}n and Vidal, Guifre},
  journal={Physical Review Letters},
  volume={118},
  number={22},
  pages={220402},
  year={2017},
  publisher={APS}
}

@article{ganapati2013light,
  title={Light trapping textures designed by electromagnetic optimization for subwavelength thick solar cells},
  author={Ganapati, Vidya and Miller, Owen D and Yablonovitch, Eli},
  journal={IEEE Journal of Photovoltaics},
  volume={4},
  number={1},
  pages={175--182},
  year={2013},
  publisher={IEEE}
}

@article{gandhi2019recent,
  title={Recent Advances in Plasmonic Sensor-Based Fiber Optic Probes for Biological Applications},
  author={Gandhi, MS and Chu, Suoda and Senthilnathan, K and Babu, P Ramesh and Nakkeeran, K and Li, Qian},
  journal={Applied Sciences},
  volume={9},
  number={5},
  pages={949},
  year={2019},
  publisher={Multidisciplinary Digital Publishing Institute}
}

@article{garnett2020photonics,
  title={Photonics for photovoltaics: advances and opportunities},
  author={Garnett, Erik C and Ehrler, Bruno and Polman, Albert and Alarcon-Llado, Esther},
  journal={ACS Photonics},
  volume={8},
  number={1},
  pages={61--70},
  year={2020},
  publisher={ACS Publications}
}

@article{gell1953formal,
  title={The formal theory of scattering},
  author={Gell-Mann, Murray and Goldberger, ML},
  journal={Physical Review},
  volume={91},
  number={2},
  pages={398},
  year={1953},
  publisher={APS}
}

@article{georgakis2020fast,
  title={A fast volume integral equation solver with linear basis functions for the accurate computation of electromagnetic fields in MRI},
  author={Georgakis, Ioannis P and Giannakopoulos, Ilias I and Litsarev, Mikhail S and Polimeridis, Athanasios G},
  journal={IEEE Transactions on Antennas and Propagation},
  year={2020},
  publisher={IEEE}
}

@article{geyi2003physical,
  title={Physical limitations of antenna},
  author={Geyi, Wen},
  journal={IEEE Transactions on Antennas and Propagation},
  volume={51},
  number={8},
  pages={2116--2123},
  year={2003},
  publisher={IEEE}
}

@article{giovannetti2009sub,
  title={Sub-Rayleigh-diffraction-bound quantum imaging},
  author={Giovannetti, Vittorio and Lloyd, Seth and Maccone, Lorenzo and Shapiro, Jeffrey H},
  journal={Physical Review A},
  volume={79},
  number={1},
  pages={013827},
  year={2009},
  publisher={APS}
}

@article{giovannini2022do,
author = {Giovannini, Tommaso and Bonatti, Luca and Lafiosca, Piero and Nicoli, Luca and Castagnola, Matteo and Illobre, Pablo Grobas and Corni, Stefano and Cappelli, Chiara},
title = {Do We Really Need Quantum Mechanics to Describe Plasmonic Properties of Metal Nanostructures?},
journal = {ACS Photonics},
volume = {9},
number = {9},
pages = {3025-3034},
year = {2022},
doi = {10.1021/acsphotonics.2c00761}
}

@book{gill2019practical,
  title={Practical optimization},
  author={Gill, Philip E and Murray, Walter and Wright, Margaret H},
  year={2019},
  publisher={SIAM}
}

@article{glasgow2001poynting,
  title={Poynting’s theorem and luminal total energy transport in passive dielectric media},
  author={Glasgow, Scott and Ware, Michael and Peatross, Justin},
  journal={Physical Review E},
  volume={64},
  number={4},
  pages={046610},
  year={2001},
  doi = {10.1103/PhysRevE.64.046610},
  publisher={APS}
}

@article{gordon1963three,
  title={Three sum rules for total optical absorption cross sections},
  author={Gordon, RG},
  journal={The Journal of Chemical Physics},
  volume={38},
  number={7},
  pages={1724--1729},
  year={1963},
  publisher={AIP}
}

@article{groblacher2009observation,
  title={Observation of strong coupling between a micromechanical resonator and an optical cavity field},
  author={Gr{\"o}blacher, Simon and Hammerer, Klemens and Vanner, Michael R and Aspelmeyer, Markus},
  journal={Nature},
  volume={460},
  number={7256},
  pages={724},
  year={2009},
  publisher={Nature Publishing Group}
}

@article{groever2017meta,
  title={Meta-lens doublet in the visible region},
  author={Groever, Benedikt and Chen, Wei Ting and Capasso, Federico},
  journal={Nano Letters},
  volume={17},
  number={8},
  pages={4902--4907},
  year={2017},
  publisher={ACS Publications}
}

@article{guo2012broadband,
	title = {Broadband super-{Planckian} thermal emission from hyperbolic metamaterials},
	volume = {101},
	issn = {0003-6951},
	url = {http://aip.scitation.org/doi/full/10.1063/1.4754616},
	doi = {10.1063/1.4754616},
	number = {13},
	urldate = {2021-08-31},
	journal = {Applied Physics Letters},
	author = {Guo, Yu and Cortes, Cristian L. and Molesky, Sean and Jacob, Zubin},
	month = sep,
	year = {2012},
	publisher = {Publisher: American Institute of Physics},
	pages = {131106}
}

@article{gustafsson2007physical,
  title={Physical limitations on antennas of arbitrary shape},
  author={Gustafsson, Mats and Sohl, Christian and Kristensson, Gerhard},
  journal={Proceedings of the Royal Society A: Mathematical, Physical and Engineering Sciences},
  volume={463},
  number={2086},
  pages={2589},
  year={2007},
  publisher={The Royal Society London},
  doi={10.1098/rspa.2007.1893}
}

@article{gustafsson2012optical,
  title={Optical theorem and forward scattering sum rule for periodic structures},
  author={Gustafsson, Mats and Vakili, Iman and Keskin, Sena Esen Bayer and Sjoberg, Daniel and Larsson, Christer},
  journal={IEEE Transactions on Antennas and Propagation},
  volume={60},
  number={8},
  pages={3818--3826},
  year={2012},
  publisher={IEEE}
}

@article{gustafsson2012physical,
  title={Physical bounds and optimal currents on antennas},
  author={Gustafsson, Mats and Cismasu, Marius and Jonsson, B Lars G},
  journal={IEEE Transactions on Antennas and Propagation},
  volume={60},
  number={6},
  pages={2672--2681},
  year={2012},
  publisher={IEEE}
}

@article{gustafsson2013optimal,
	title = {Optimal antenna currents for {Q}, superdirectivity, and radiation patterns using convex optimization},
	volume = {61},
	issn = {1558-2221},
	doi = {10.1109/TAP.2012.2227656},
	number = {3},
	journal = {IEEE Transactions on Antennas and Propagation},
	author = {Gustafsson, Mats and Nordebo, Sven},
	month = mar,
	year = {2013},
	keywords = {antenna theory, Optimization, Convex functions, Antenna Q, Antenna radiation patterns, convex optimization, Dipole antennas, physical limitations, Q factor, small antennas, superdirectivity, Vectors},
	pages = {1109--1118},
}

@article{gustafsson2016antenna,
  title={Antenna current optimization using MATLAB and CVX},
  author={Gustafsson, Mats and Tayli, Doruk and Ehrenborg, Casimir and Cismasu, Marius and Nordebo, Sven},
  journal={FERMAT},
  volume={15},
  number={5},
  pages={1--29},
  year={2016}
}

@article{gustafsson2019maximum,
  title={Maximum gain, effective area, and directivity},
  author={Gustafsson, Mats and Capek, Miloslav},
  journal={IEEE Transactions on Antennas and Propagation},
  volume={67},
  number={8},
  pages={5282},
  year={2019},
  publisher={IEEE},
  doi={10.1109/TAP.2019.2916760}
}

@article{gustafsson2019tradeoff,
  title={Tradeoff between antenna efficiency and {Q}-factor},
  author={Gustafsson, Mats and Capek, Miloslav and Schab, Kurt},
  journal={IEEE Transactions on Antennas and Propagation},
  volume={67},
  number={4},
  pages={2482--2493},
  year={2019},
  publisher={IEEE}
}

@article{gustafsson2020upper,
	title = {Upper bounds on absorption and scattering},
	volume = {22},
	issn = {1367-2630},
	doi = {10.1088/1367-2630/ab83d3},
	number = {7},
	urldate = {2021-05-02},
	journal = {New Journal of Physics},
	author = {Gustafsson, Mats and Schab, Kurt and Jelinek, Lukas and Capek, Miloslav},
	month = sep,
	year = {2020},
	publisher = {IOP Publishing},
	pages = {073013},
}

@article{hamam2007coupled,
  title={Coupled-mode theory for general free-space resonant scattering of waves},
  author={Hamam, Rafif E and Karalis, Aristeidis and Joannopoulos, John D and Solja{\v{c}}i{\'c}, Marin},
  journal={Physical Review A},
  volume={75},
  number={5},
  pages={053801},
  year={2007},
  publisher={APS}
}

@article{halko2011finding,
  title={Finding structure with randomness: Probabilistic algorithms for constructing approximate matrix decompositions},
  author={Halko, Nathan and Martinsson, Per-Gunnar and Tropp, Joel A},
  journal={SIAM Review},
  volume={53},
  number={2},
  pages={217--288},
  year={2011},
  publisher={SIAM}
}

@article{hamilton2009metamaterials,
  title={Metamaterials for light rays: ray optics without wave-optical analog in the ray-optics limit},
  author={Hamilton, Alasdair C and Courtial, Johannes},
  journal={New Journal of Physics},
  volume={11},
  number={1},
  pages={013042},
  year={2009},
  publisher={IOP Publishing}
}

@article{harrington1960effect,
  title = {Effect of antenna size on gain, bandwidth, and efficiency},
  volume = {64D},
  issn = {1060-1783},
  doi = {10.6028/jres.064D.003},
  number = {1},
  urldate = {2021-08-09},
  journal = {Journal of Research of the National Bureau of Standards, Section D: Radio Propagation},
  author = {Harrington, Roger F.},
  year = {1960},
  pages = {1},
}

@article{harrington1971theory,
  title={Theory of characteristic modes for conducting bodies},
  author={Harrington, R and Mautz, J},
  journal={IEEE Transactions on Antennas and Propagation},
  volume={19},
  number={5},
  pages={622--628},
  year={1971},
  publisher={IEEE}
}

@article{harrington1972characteristic,
  title={Characteristic modes for dielectric and magnetic bodies},
  author={Harrington, R and Mautz, J and Chang, Yu},
  journal={IEEE Transactions on Antennas and Propagation},
  volume={20},
  number={2},
  pages={194--198},
  year={1972},
  publisher={IEEE}
}

@article{hashemi2010delay,
  title={Delay-bandwidth and delay-loss limitations for cloaking of large objects},
  author={Hashemi, Hila and Zhang, Baile and Joannopoulos, John D and Johnson, Steven G},
  journal={Physical Review Letters},
  volume={104},
  number={25},
  pages={253903},
  year={2010},
  publisher={APS}
}

@article{hashemi2011general,
	title = {General scaling limitations of ground-plane and isolated-object cloaks},
	volume = {84},
	issn = {1050-2947, 1094-1622},
	url = {https://link.aps.org/doi/10.1103/PhysRevA.84.023815},
	doi = {10.1103/PhysRevA.84.023815},
	
	number = {2},
	urldate = {2021-08-16},
	journal = {Physical Review A},
	author = {Hashemi, Hila and Oskooi, A. and Joannopoulos, J. D. and Johnson, Steven G.},
	month = aug,
	year = {2011},
	pages = {023815},
}

@article{hashemi2012diameter-bandwidth,
	title = {Diameter-bandwidth product limitation of isolated-object cloaking},
	volume = {86},
	issn = {1050-2947, 1094-1622},
	url = {https://link.aps.org/doi/10.1103/PhysRevA.86.013804},
	doi = {10.1103/PhysRevA.86.013804},
	
	number = {1},
	urldate = {2021-05-14},
	journal = {Physical Review A},
	author = {Hashemi, Hila and Qiu, Cheng-Wei and McCauley, Alexander P. and Joannopoulos, J. D. and Johnson, Steven G.},
	month = jul,
	year = {2012},
	pages = {013804},
}

@article{hau1999light,
	title = {Light speed reduction to 17 metres per second in an ultracold atomic gas},
	volume = {397},
	copyright = {1999 Macmillan Magazines Ltd.},
	issn = {1476-4687},
	url = {https://www.nature.com/articles/17561},
	doi = {10.1038/17561},
	number = {6720},
	urldate = {2021-08-23},
	journal = {Nature},
	author = {Hau, Lene Vestergaard and Harris, S. E. and Dutton, Zachary and Behroozi, Cyrus H.},
	month = feb,
	year = {1999},
	pages = {594--598}
}

@article{haus1991coupled,
  author={Haus, H.A. and Huang, W.},
  journal={Proceedings of the IEEE}, 
  title={Coupled-mode theory}, 
  year={1991},
  volume={79},
  number={10},
  pages={1505-1518},
  doi={10.1109/5.104225}
}

@article{heine1995submicrometer,
  title={Submicrometer gratings for solar energy applications},
  author={Heine, Claus and Morf, Rudolf H},
  journal={Applied Optics},
  volume={34},
  number={14},
  pages={2476--2482},
  year={1995},
  publisher={Optical Society of America}
}

@article{henry1980limiting,
  title={Limiting efficiencies of ideal single and multiple energy gap terrestrial solar cells},
  author={Henry, Charles H},
  journal={Journal of Applied Physics},
  volume={51},
  number={8},
  pages={4494--4500},
  year={1980},
  publisher={American Institute of Physics},
  doi={10.1063/1.328272}
}

@article{high2015visible,
  title={Visible-frequency hyperbolic metasurface},
  author={High, Alexander A and Devlin, Robert C and Dibos, Alan and Polking, Mark and Wild, Dominik S and Perczel, Janos and de Leon, Nathalie P and Lukin, Mikhail D and Park, Hongkun},
  journal={Nature},
  volume={522},
  number={7555},
  pages={192},
  year={2015},
  publisher={Nature Publishing Group}
}

@article{hochman2014reduced,
  title={Reduced-order models for electromagnetic scattering problems},
  author={Hochman, Amit and Fernandez Villena, J and Polimeridis, Athanasios G and Silveira, Luis Miguel and White, Jacob K and Daniel, Luca},
  journal={IEEE Transactions on Antennas and Propagation},
  volume={62},
  number={6},
  pages={3150--3162},
  year={2014},
  publisher={IEEE}
}

@article{horodecki2000limits,
  title={Limits for entanglement measures},
  author={Horodecki, Micha{\l} and Horodecki, Pawe{\l} and Horodecki, Ryszard},
  journal={Physical Review Letters},
  volume={84},
  number={9},
  pages={2014},
  year={2000},
  publisher={APS}
}

@article{huang2012divergence,
  title={A divergence-free finite element method for a type of 3D Maxwell equations},
  author={Huang, Jianguo and Zhang, Shangyou},
  journal={Applied Numerical Mathematics},
  volume={62},
  number={6},
  pages={802--813},
  year={2012},
  publisher={Elsevier}
}

@article{hughes2019wave,
  title={Wave physics as an analog recurrent neural network},
  author={Hughes, Tyler W and Williamson, Ian AD and Minkov, Momchil and Fan, Shanhui},
  journal={Science advances},
  volume={5},
  number={12},
  pages={eaay6946},
  year={2019},
  publisher={American Association for the Advancement of Science}
}

@article{hughes2019Forward,
  title={Forward-mode differentiation of Maxwell’s equations},
  author={Hughes, Tyler W and Williamson, Ian AD and Minkov, Momchil and Fan, Shanhui},
  journal={ACS Photonics},
  volume={6},
  number={11},
  pages={3010--3016},
  year={2019},
  publisher={ACS Publications}
}

@article{hugonin2015fundamental,
  title={Fundamental limits for light absorption and scattering induced by cooperative electromagnetic interactions},
  author={Hugonin, Jean-Paul and Besbes, Mondher and Ben-Abdallah, Philippe},
  journal={Physical Review B},
  volume={91},
  number={18},
  pages={180202(R)},
  year={2015},
  publisher={APS}
}

@book{hulst1981light,
  title={Light scattering by small particles},
  author={Hulst, Hendrik Christoffel and van de Hulst, Hendrik C},
  year={1981},
  publisher={Courier Corporation}
}

@article{im2014label,
  title={Label-free detection and molecular profiling of exosomes with a nano-plasmonic sensor},
  author={Im, Hyungsoon and Shao, Huilin and Park, Yong Il and Peterson, Vanessa M and Castro, Cesar M and Weissleder, Ralph and Lee, Hakho},
  journal={Nature Biotechnology},
  volume={32},
  number={5},
  pages={490},
  year={2014},
  publisher={Nature Publishing Group}
}

@book{jackson1999classical,
  title={Classical electrodynamics},
  author={Jackson, John David},
  year={1999},
  publisher={AAPT}
}

@article{jahani2016all,
  title={All-dielectric metamaterials},
  author={Jahani, Saman and Jacob, Zubin},
  journal={Nature Nanotechnology},
  volume={11},
  number={1},
  pages={23},
  year={2016},
  publisher={Nature Publishing Group}
}

@article{jacob2010engineering,
  title={Engineering photonic density of states using metamaterials},
  author={Jacob, Zubin and Kim, J-Y and Naik, Gururaj V and Boltasseva, Alexandra and Narimanov, Evgenii E and Shalaev, Vladimir M},
  journal={Applied physics B},
  volume={100},
  number={1},
  pages={215--218},
  year={2010},
  publisher={Springer},
  doi={10.1007/s00340-010-4096-5}
}

@article{jia2015theory,
  title={Theory of half-space light absorption enhancement for leaky mode resonant nanowires},
  author={Jia, Yiming and Qiu, Min and Wu, Hui and Cui, Yi and Fan, Shanhui and Ruan, Zhichao},
  journal={Nano Letters},
  volume={15},
  number={8},
  pages={5513--5518},
  year={2015},
  publisher={ACS Publications}
}

@article{jiang2019simulator,
  title={Simulator-based training of generative neural networks for the inverse design of metasurfaces},
  author={Jiang, Jiaqi and Fan, Jonathan A},
  journal={Nanophotonics},
  volume={9},
  number={5},
  pages={1059},
  year={2019},
  publisher={De Gruyter},
  doi={10.1515/nanoph-2019-0330}
}

@article{jiang2021deep,
	title = {Deep neural networks for the evaluation and design of photonic devices},
	volume = {6},
	copyright = {2020 Springer Nature Limited},
	issn = {2058-8437},
	url = {https://www.nature.com/articles/s41578-020-00260-1},
	doi = {10.1038/s41578-020-00260-1},
	
	number = {8},
	urldate = {2021-08-31},
	journal = {Nature Reviews Materials},
	author = {Jiang, Jiaqi and Chen, Mingkun and Fan, Jonathan A.},
	month = aug,
	year = {2021},
}

@article{jin2016temperature,
  title={Temperature control of thermal radiation from composite bodies},
  author={Jin, Weiliang and Polimeridis, Athanasios G and Rodriguez, Alejandro W},
  journal={Physical Review B},
  volume={93},
  number={12},
  pages={121403},
  year={2016},
  publisher={APS}
}

@article{jin2016cluster,
  title={Cluster mean-field approach to the steady-state phase diagram of dissipative spin systems},
  author={Jin, Jiasen and Biella, Alberto and Viyuela, Oscar and Mazza, Leonardo and Keeling, Jonathan and Fazio, Rosario and Rossini, Davide},
  journal={Physical Review X},
  volume={6},
  number={3},
  pages={031011},
  year={2016},
  publisher={APS}
}

@article{jin2019material,
  title={Material scaling and frequency-selective enhancement of near-field radiative heat transfer for lossy metals in two dimensions via inverse design},
  author={Jin, Weiliang and Molesky, Sean and Lin, Zin and Rodriguez, Alejandro W},
  journal={Physical Review B},
  volume={99},
  number={4},
  pages={041403(R)},
  year={2019},
  publisher={APS}
}

@article{jin2020inverse,
  title={Inverse design of lightweight broadband reflector for efficient lightsail propulsion},
  author={Jin, Weiliang and Li, Wei and Orenstein, Meir and Fan, Shanhui},
  journal={arXiv:2005.04840},
  year={2020}
}

@article{jensen2011topology,
  title={Topology optimization for nano-photonics},
  author={Jensen, Jakob S{\o}ndergaard and Sigmund, Ole},
  journal={Laser \& Photonics Reviews},
  volume={5},
  number={2},
  pages={308--321},
  year={2011},
  publisher={Wiley Online Library}
}

@article{jelinek2016optimal,
  title={Optimal currents on arbitrarily shaped surfaces},
  author={Jelinek, Lukas and Capek, Miloslav},
  journal={IEEE Transactions on Antennas and Propagation},
  volume={65},
  number={1},
  pages={329--341},
  year={2016},
  publisher={IEEE}
}

@inproceedings{jelinek2020sub,
  title={Sub-Structure Limits to Optical Phenomena},
  author={Jelinek, L and Gustafsson, M and Capek, M and Schab, K},
  booktitle={2020 Fourteenth International Congress on Artificial Materials for Novel Wave Phenomena (Metamaterials)},
  pages={400--402},
  organization={IEEE}
}

@article{jelinek2021fundamental,
	title = {Fundamental bounds on the performance of monochromatic passive cloaks},
	volume = {29},
	issn = {1094-4087},
	url = {https://www.osapublishing.org/abstract.cfm?URI=oe-29-15-24068},
	doi = {10.1364/OE.428536},
	
	number = {15},
	urldate = {2021-08-24},
	journal = {Optics Express},
	author = {Jelinek, Lukas and Gustafsson, Mats and Capek, Miloslav and Schab, Kurt},
	month = jul,
	year = {2021},
	pages = {24068},
}

@book{joannopoulosphotonic,
  title={Photonic crystals: molding the flow of light},
  author={Joannopoulos, John D and Johnson, Steven G and Winn, Joshua N and Meade, Robert D},
  year={2008},
  publisher={Princeton University Press}
}

@manual{NLopt,
  author={Johnson, S. G. and others},
  title={The NLopt nonlinear optimization package (version 2.6.2)},
  url={http://github.com/stevengj/nlopt},
  month={August},
  year={2019}
}

@inproceedings{kappen1998boltzmann,
  title={Boltzmann machine learning using mean field theory and linear response correction},
  author={Kappen, Hilbert J and Ortiz, Francisco de Borja Rodr{\'\i}guez},
  booktitle={Advances in Neural Information Processing Systems},
  pages={280--286},
  year={1998}
}

@book{kanwal2013linear,
  title={Linear integral equations},
  author={Kanwal, Ram P},
  year={2013},
  publisher={Springer Science \& Business Media}
}

@article{kelzenberg2010enhanced,
  title={Enhanced absorption and carrier collection in Si wire arrays for photovoltaic applications},
  author={Kelzenberg, Michael D and Boettcher, Shannon W and Petykiewicz, Jan A and Turner-Evans, Daniel B and Putnam, Morgan C and Warren, Emily L and Spurgeon, Joshua M and Briggs, Ryan M and Lewis, Nathan S and Atwater, Harry A},
  journal={Nature Materials},
  volume={9},
  number={3},
  pages={239},
  year={2010},
  publisher={Nature Publishing Group}
}

@article{kenneth2006opposites,
	title = {Opposites attract: a theorem about the {Casimir} force},
	volume = {97},
	issn = {0031-9007, 1079-7114},
	shorttitle = {Opposites {Attract}},
	url = {https://link.aps.org/doi/10.1103/PhysRevLett.97.160401},
	doi = {10.1103/PhysRevLett.97.160401},
	number = {16},
	urldate = {2021-08-17},
	journal = {Physical Review Letters},
	author = {Kenneth, Oded and Klich, Israel},
	year = {2006},
	pages = {160401},
}

@article{khanikaev2017two,
  title={Two-dimensional topological photonics},
  author={Khanikaev, Alexander B and Shvets, Gennady},
  journal={Nature Photonics},
  volume={11},
  number={12},
  pages={763--773},
  year={2017},
  publisher={Nature Publishing Group}
}

@article{khurgin2006performance,
author = {Jacob B. Khurgin},
journal = {Opt. Lett.},
keywords = {Data processing by optical means ; Optical amplifiers; All optical devices; Optical amplifiers; Optical buffers; Optical delay lines; Parametric amplifiers; Parametric processes},
number = {7},
pages = {948--950},
publisher = {OSA},
title = {Performance limits of delay lines based on optical amplifiers},
volume = {31},
month = {Apr},
year = {2006},
url = {http://ol.osa.org/abstract.cfm?URI=ol-31-7-948},
doi = {10.1364/OL.31.000948},
}

@article{khurgin2015how,
	title = {How to deal with the loss in plasmonics and metamaterials},
	volume = {10},
	issn = {1748-3387, 1748-3395},
	url = {http://www.nature.com/articles/nnano.2014.310},
	doi = {10.1038/nnano.2014.310},
	
	number = {1},
	urldate = {2021-08-15},
	journal = {Nature Nanotechnology},
	author = {Khurgin, Jacob B.},
	month = jan,
	year = {2015},
	pages = {2--6},
}

@article{khurgin2018relative,
  title={Relative merits of phononics vs. plasmonics: the energy balance approach},
  author={Khurgin, Jacob B},
  journal={Nanophotonics},
  volume={7},
  number={1},
  pages={305--316},
  year={2018},
  publisher={De Gruyter}
}

@article{khurgin2010search,
  title={In search of the elusive lossless metal},
  author={Khurgin, Jacob B and Sun, Greg},
  journal={Applied Physics Letters},
  volume={96},
  number={18},
  pages={181102},
  year={2010},
  publisher={American Institute of Physics}
}

@article{kidwai2012effective,
  title={Effective-medium approach to planar multilayer hyperbolic metamaterials: Strengths and limitations},
  author={Kidwai, Omar and Zhukovsky, Sergei V. and Sipe, John E},
  journal={Physical Review A},
  volume={85},
  number={5},
  pages={053842},
  year={2012},
  publisher={APS}
}

@article{kirsch2009operator,
  title={The operator equations of $\text{Lippmann--Schwinger}$ type for acoustic and electromagnetic scattering problems in $\text{L2}$},
  author={Kirsch, Andreas and Lechleiter, Armin},
  journal={Applicable Analysis},
  volume={88},
  number={6},
  pages={807--830},
  year={2009},
  publisher={Taylor \& Francis}
}


@article{koenderink2015nanophotonics,
  title={Nanophotonics: shrinking light-based technology},
  author={Koenderink, A Femius and Alu, Andrea and Polman, Albert},
  journal={Science},
  volume={348},
  number={6234},
  pages={516--521},
  year={2015},
  publisher={American Association for the Advancement of Science}
}

@article{koenderink2017single,
  title={Single-photon nanoantennas},
  author={Koenderink, A Femius},
  journal={ACS Photonics},
  volume={4},
  number={4},
  pages={710--722},
  year={2017},
  publisher={ACS Publications}
}

@article{komiya1988elementary,
  title={Elementary proof for Sion's minimax theorem},
  author={Komiya, Hidetoshi},
  journal={Kodai Mathematical Journal},
  volume={11},
  number={1},
  pages={5--7},
  year={1988},
  publisher={Department of Mathematics, Tokyo Institute of Technology}
}

@book{kristensson2014spherical,
  title={Spherical Vector Waves},
  author={Kristensson, Gerhard},
  year={2014}
}

@book{KristenssonEMwaves,
  author = {Gerhard Kristensson},
  affiliation = {Lund University},
  title = {Scattering of Electromagnetic Waves by Obstacles},
  publisher = {Institution of Engineering and Technology},
  year = {2016},
  series = {Electromagnetic Waves}
}

@article{kruger2012trace,
  title={Trace formulas for nonequilibrium Casimir interactions, heat radiation, and heat transfer for arbitrary objects},
  author={Kr{\"u}ger, Matthias and Bimonte, Giuseppe and Emig, Thorsten and Kardar, Mehran},
  journal={Physical Review B},
  volume={86},
  number={11},
  pages={115423},
  year={2012},
  publisher={APS}
}

@article{kravtsov1975statistical,
  title={Statistical problems in diffraction theory},
  author={Kravtsov, Yu A and Rytov, SM and Tatarski{\u\i}, VI},
  journal={Soviet Physics Uspekhi},
  volume={18},
  number={2},
  pages={118},
  year={1975},
  publisher={IOP Publishing}
}

@article{kruk2017functional,
  title={Functional meta-optics and nanophotonics governed by Mie resonances},
  author={Kruk, Sergey and Kivshar, Yuri},
  journal={ACS Photonics},
  volume={4},
  number={11},
  pages={2638--2649},
  year={2017},
  publisher={ACS Publications}
}

@article{kruger2017RevNonEq,
author = {Bimonte, Giuseppe and Emig, Thorsten and Kardar, Mehran and Krüger, Matthias},
title = {Nonequilibrium Fluctuational Quantum Electrodynamics: Heat Radiation, Heat Transfer, and Force},
journal = {Annual Review of Condensed Matter Physics},
volume = {8},
number = {1},
pages = {119-143},
year = {2017},
doi = {10.1146/annurev-conmatphys-031016-025203},
URL = { https://doi.org/10.1146/annurev-conmatphys-031016-025203},
eprint = {https://doi.org/10.1146/annurev-conmatphys-031016-025203}
}

@article{ku2004slow,
	title = {Slow light in semiconductor quantum wells},
	volume = {29},
	issn = {1539-4794},
	url = {https://www.osapublishing.org/ol/abstract.cfm?uri=ol-29-19-2291},
	doi = {10.1364/OL.29.002291},
	number = {19},
	urldate = {2021-08-23},
	journal = {Optics Letters},
	author = {Ku, Pei-Cheng and Sedgwick, Forrest and Chang-Hasnain, Connie J. and Palinginis, Phedon and Li, Tao and Wang, Hailin and Chang, Shu-Wei and Chuang, Shun-Lien},
	year = {2004},
	publisher = {Optical Society of America},
	pages = {2291--2293},

}

@article{kuang2020maximal,
author = {Zeyu Kuang and Lang Zhang and Owen D. Miller},
journal = {Optica},
number = {12},
pages = {1746--1757},
publisher = {OSA},
title = {Maximal single-frequency electromagnetic response},
volume = {7},
month = {Dec},
year = {2020},
doi = {10.1364/OPTICA.398715}
}

@article{kuang2020computational,
  title = {Computational bounds to light--matter interactions via local conservation laws},
  author = {Kuang, Zeyu and Miller, Owen D.},
  journal = {Physical Review Letters},
  volume = {125},
  issue = {26},
  pages = {263607},
  numpages = {7},
  year = {2020},
  month = {Dec},
  publisher = {American Physical Society},
  doi = {10.1103/PhysRevLett.125.263607},
}

@article{kubo1966fluctuation,
  title={The fluctuation-dissipation theorem},
  author={Kubo, Rep},
  journal={Reports on Progress in Physics},
  volume={29},
  number={1},
  pages={255},
  year={1966},
  publisher={IOP Publishing}
}

@article{kudyshev2020machine,
  title={Machine-learning-assisted metasurface design for high-efficiency thermal emitter optimization},
  author={Kudyshev, Zhaxylyk A and Kildishev, Alexander V and Shalaev, Vladimir M and Boltasseva, Alexandra},
  journal={Applied Physics Reviews},
  volume={7},
  number={2},
  pages={021407-1--021407-10},
  year={2020},
  publisher={AIP Publishing LLC}
}

@article{Kuznetsov2016,
  author = {Kuznetsov, Arseniy I. and Miroshnichenko, Andrey E. and Brongersma, Mark L. and Kivshar, Yuri S. and Luk{\textquoteright}yanchuk, Boris},
  title = {Optically resonant dielectric nanostructures},
  volume = {354},
  number = {6314},
  year = {2016},
  doi = {10.1126/science.aag2472},
  publisher = {American Association for the Advancement of Science},
  issn = {0036-8075},
  URL = {https://science.sciencemag.org/content/354/6314/aag2472},
  eprint = {https://science.sciencemag.org/content/354/6314/aag2472.full.pdf},
  journal = {Science}
}

@article{kuzyk2000physical,
	title = {Physical limits on electronic nonlinear molecular susceptibilities},
	volume = {85},
	issn = {0031-9007, 1079-7114},
	url = {https://link.aps.org/doi/10.1103/PhysRevLett.85.1218},
	doi = {10.1103/PhysRevLett.85.1218},
	number = {6},
	urldate = {2021-08-23},
	journal = {Physical Review Letters},
	author = {Kuzyk, Mark G.},
	year = {2000},
	pages = {1218--1221},
}

@article{kuzyk2013sum,
	series = {Sum {Rules} and {Scaling} in {Nonlinear} {Optics}},
	title = {Sum rules and scaling in nonlinear optics},
	volume = {529},
	issn = {0370-1573},
	url = {https://www.sciencedirect.com/science/article/pii/S0370157313001348},
	doi = {10.1016/j.physrep.2013.04.002},
	number = {4},
	urldate = {2021-08-23},
	journal = {Physics Reports},
	author = {Kuzyk, Mark G. and Pérez-Moreno, Javier and Shafei, Shoresh},
	year = {2013},
	keywords = {Nonlinear optics, Fundamental limits, Hyperpolarizability, Nonlinear susceptibility, Perturbation theory, Scaling, Sum over states, Sum rules, Universal properties},
	pages = {297--398},
}

@article{kwon2009optimal,
  title={Optimal characteristics of an arbitrary receive antenna},
  author={Kwon, Do-Hoon and Pozar, David M},
  journal={IEEE Transactions on Antennas and Propagation},
  volume={57},
  number={12},
  pages={3720--3727},
  year={2009},
  publisher={IEEE}
}

@article{lalau-keraly2013adjoint,
	title = {Adjoint shape optimization applied to electromagnetic design},
	volume = {21},
	issn = {1094-4087},
	url = {https://www.osapublishing.org/oe/abstract.cfm?uri=oe-21-18-21693},
	doi = {10.1364/OE.21.021693},
	number = {18},
	urldate = {2021-08-31},
	journal = {Optics Express},
	author = {Lalau-Keraly, Christopher M. and Bhargava, Samarth and Miller, Owen D. and Yablonovitch, Eli},
	month = sep,
	year = {2013},
	pages = {21693},
}

@book{landau1976mechanics,
  title={Mechanics: Volume 1},
  author={Landau, Lev Davidovich and Lifshitz, Evgenii Mikhailovich},
  volume={1,~\S 1},
  year={1976},
  publisher={Butterworth-Heinemann}
}

@book{landau2013statistical,
  title={Statistical physics: volume 5},
  author={Landau, Lev D and Lifshitz, Evgeny M},
  volume={5},
  year={2013},
  publisher={Elsevier}
}

@article{lanczos1950iteration,
  title={An iteration method for the solution of the eigenvalue problem of linear differential and integral operators},
  author={Lanczos, Cornelius},
  year={1950},
  publisher={United States Governm. Press Office Los Angeles, CA}
}

@article{landauer1989johnson,
  title={Johnson-{Nyquist} noise derived from quantum mechanical transmission},
  author={Landauer, Rolf},
  journal={Physica D: Nonlinear Phenomena},
  volume={38},
  number={1-3},
  pages={226--229},
  year={1989},
  publisher={Elsevier}
}

@book{landau2013quantum,
  title={Quantum mechanics: non-relativistic theory},
  author={Landau, Lev Davidovich and Lifshitz, Evgenii Mikhailovich},
  volume={3},
  year={2013},
  publisher={Elsevier}
}

@article{las2017quantum,
  title={Quantum illumination reveals phase-shift inducing cloaking},
  author={Las Heras, U and Di Candia, R and Fedorov, KG and Deppe, F and Sanz, M and Solano, E},
  journal={Scientific Reports},
  volume={7},
  number={1},
  pages={9333},
  year={2017},
  publisher={Nature Publishing Group}
}

@article{lazarov2016length,
  title={Length scale and manufacturability in density-based topology optimization},
  author={Lazarov, Boyan S and Wang, Fengwen and Sigmund, Ole},
  journal={Archive of Applied Mechanics},
  volume={86},
  number={1-2},
  pages={189--218},
  year={2016},
  publisher={Springer}
}

@article{law2004nanoribbon,
  title={Nanoribbon waveguides for subwavelength photonics integration},
  author={Law, Matt and Sirbuly, Donald J and Johnson, Justin C and Goldberger, Josh and Saykally, Richard J and Yang, Peidong},
  journal={Science},
  volume={305},
  number={5688},
  pages={1269--1273},
  year={2004},
  publisher={American Association for the Advancement of Science}
}

@article{lebbe2019robust,
  title={Robust shape and topology optimization of nanophotonic devices using the level set method},
  author={Lebbe, Nicolas and Dapogny, Charles and Oudet, Edouard and Hassan, Karim and Gliere, Alain},
  journal={Journal of Computational Physics},
  volume={395},
  pages={710},
  year={2019},
  publisher={Elsevier},
  doi={10.1016/j.jcp.2019.06.057}
}

@article{lee2008rigorous,
	title = {Rigorous sufficient conditions for index-guided modes in microstructured dielectric waveguides},
	volume = {16},
	issn = {1094-4087},
	url = {https://www.osapublishing.org/oe/abstract.cfm?uri=oe-16-13-9261},
	doi = {10.1364/OE.16.009261},
	
	number = {13},
	urldate = {2021-08-15},
	journal = {Optics Express},
	author = {Lee, Karen K. and Avniel, Yehuda and Johnson, Steven G.},
	month = jun,
	year = {2008},
	pages = {9261},
}

@article{lenz2001optical,
	title = {Optical delay lines based on optical filters},
	volume = {37},
	issn = {1558-1713},
	doi = {10.1109/3.914401},
	number = {4},
	journal = {IEEE Journal of Quantum Electronics},
	author = {Lenz, G. and Eggleton, B.J. and Madsen, C.K. and Slusher, R.E.},
	month = apr,
	year = {2001},
	keywords = {Delay effects, Delay lines, Dispersion, Fiber nonlinear optics, Nonlinear optics, Optical arrays, Optical filters, Phased arrays, Radio frequency, Resonance},
	pages = {525--532},
}

@article{li2017recent,
  title={Recent progress in mode-division multiplexed passive optical networks with low modal crosstalk},
  author={Li, Juhao and Ren, Fang and Hu, Tao and Li, Zhengbin and He, Yongqi and Chen, Zhangyuan and Mo, Qi and Li, Guifang},
  journal={Optical Fiber Technology},
  volume={35},
  pages={28--36},
  year={2017},
  publisher={Elsevier}
}

@article{li2019intelligent,
  title={Intelligent metasurface imager and recognizer},
  author={Li, Lianlin and Shuang, Ya and Ma, Qian and Li, Haoyang and Zhao, Hanting and Wei, Menglin and Liu, Che and Hao, Chenglong and Qiu, Cheng-Wei and Cui, Tie Jun},
  journal={Light: Science \& Applications},
  volume={8},
  number={1},
  pages={1--9},
  year={2019},
  publisher={Nature Publishing Group}
}

@article{liska2021fundamental,
  title={Fundamental Bounds to Time-Harmonic Quadratic Metrics in Electromagnetism: Overview and Implementation}, 
  author={Jakub Liska and Lukas Jelinek and Miloslav Capek},
  journal={arXiv 2110.05312},
  year={2021},
}

@article{liu2001observation,
	title = {Observation of coherent optical information storage in an atomic medium using halted light pulses},
	volume = {409},
	copyright = {2001 Macmillan Magazines Ltd.},
	issn = {1476-4687},
	url = {https://www.nature.com/articles/35054017},
	doi = {10.1038/35054017},
	
	number = {6819},
	urldate = {2021-08-23},
	journal = {Nature},
	author = {Liu, Chien and Dutton, Zachary and Behroozi, Cyrus H. and Hau, Lene Vestergaard},
	month = jan,
	year = {2001},
	pages = {490--493},
}

@article{lin2020end,
  title={End-to-end inverse fesign for inverse scattering via freeform metastructures},
  author={Lin, Zin and Roques-Carmes, Charles and Pestourie, Rapha{\"e}l and Solja{\v{c}}i{\'c}, Marin and Majumdar, Arka and Johnson, Steven G},
  journal={arXiv:2006.09145},
  year={2020}
}

@book{lindell2019boundary,
  title={Boundary conditions in electromagnetics},
  author={Lindell, Ismo V and Sihvola, Ari},
  year={2019},
  publisher={John Wiley \& Sons}
}

@article{lippmann1950variational,
  title={Variational principles for scattering processes},
  author={Lippmann, Bernard A and Schwinger, Julian},
  journal={Physical Review},
  volume={79},
  number={3},
  pages={469},
  year={1950},
  publisher={APS}
}

@book{loomis1968advanced,
  title={Advanced calculus},
  author={Loomis, Lynn Harold and Sternberg, Shlomo},
  year={1968},
  publisher={World Scientific}
}

@article{long2019inverse,
  title={Inverse design of photonic topological state via machine learning},
  author={Long, Yang and Ren, Jie and Li, Yunhui and Chen, Hong},
  journal={Applied Physics Letters},
  volume={114},
  number={18},
  pages={181105},
  year={2019},
  publisher={AIP Publishing LLC}
}

@book{lopez2007concentrator,
  title={Concentrator photovoltaics},
  author={L{\'o}pez, Antonio Luque and Andreev, Viacheslav M},
  volume={130},
  year={2007},
  publisher={Springer}
}

@article{loudon1970propagation,
  title={The propagation of electromagnetic energy through an absorbing dielectric},
  author={Loudon, R},
  journal={Journal of Physics A: General Physics},
  volume={3},
  number={3},
  pages={233},
  year={1970},
  publisher={IOP Publishing},
  doi={10.1088/0305-4470/3/3/008}
}

@book{samokhin2013integral,
  title={Integral equations and iteration methods in electromagnetic scattering},
  author={Samokhin, Alexander B},
  year={2013},
  publisher={de Gruyter}
}

@article{schab2020trade,
  title={Trade-offs in absorption and scattering by nanophotonic structures},
  author={Schab, Kurt and Rothschild, Austin and Nguyen, Kristi and Capek, Miloslav and Jelinek, Lukas and Gustafsson, Mats},
  journal={Optics Express},
  volume={28},
  number={24},
  pages={36584--36599},
  year={2020},
  publisher={Optical Society of America}
}

@article{scheel2008sum,
  title = {Sum rule for local densities of states in absorbing dielectrics},
  volume = {78},
  issn = {1050-2947, 1094-1622},
  doi = {10.1103/PhysRevA.78.013841},
  number = {1},
  journal = {Physical Review A},
  author = {Scheel, Stefan},
  year = {2008},
  pages = {013841},
}

@article{schneider2018numerical,
  title={Numerical optimization of the extraction efficiency of a quantum-dot based single-photon emitter into a single-mode fiber},
  author={Schneider, Philipp-Immanuel and Srocka, Nicole and Rodt, Sven and Zschiedrich, Lin and Reitzenstein, Stephan and Burger, Sven},
  journal={Optics Express},
  volume={26},
  number={7},
  pages={8479--8492},
  year={2018},
  publisher={Optical Society of America}
}

@article{Schuller2009,
author = {Jon A. Schuller and Mark L. Brongersma},
journal = {Optics Express},
keywords = {Optical resonators; Mie theory; Nanophotonics and photonic crystals ; Optical sensing and sensors ; Mie resonances; Mie theory; Optical antennas; Q factor; Resonant modes; Solar cell efficiency},
number = {26},
pages = {24084--24095},
publisher = {OSA},
title = {General properties of dielectric optical antennas},
volume = {17},
month = {Dec},
year = {2009},
url = {http://www.opticsexpress.org/abstract.cfm?URI=oe-17-26-24084},
doi = {10.1364/OE.17.024084}
}

@article{schulz1969energy,
  title={Energy transport velocity of electromagnetic propagation in dispersive media},
  author={Schulz-DuBois, EO},
  journal={Proceedings of the IEEE},
  volume={57},
  number={10},
  pages={1748--1757},
  year={1969},
  publisher={IEEE},
  doi={10.1109/PROC.1969.7389}
}

@article{shen2020broadband,
  title={Broadband enhancement of on-chip single-photon extraction via tilted hyperbolic metamaterials},
  author={Shen, Lian and Lin, Xiao and Shalaginov, Mikhail Y and Low, Tony and Zhang, Xianmin and Zhang, Baile and Chen, Hongsheng},
  journal={Applied Physics Reviews},
  volume={7},
  number={2},
  pages={021403},
  year={2020},
  publisher={AIP Publishing LLC}
}

@book{simon2015quantum,
  title={Quantum mechanics for Hamiltonians defined as quadratic forms},
  author={Simon, Barry},
  volume={68},
  year={2015},
  publisher={Princeton University Press}
}

@article{su2018inverse,
  title={Inverse design and demonstration of a compact on-chip narrowband three-channel wavelength demultiplexer},
  author={Su, Logan and Piggott, Alexander Y and Sapra, Neil V and Petykiewicz, Jan and Vuckovic, Jelena},
  journal={ACS Photonics},
  volume={5},
  number={2},
  pages={301},
  year={2018},
  publisher={ACS Publications},
  doi={10.1021/acsphotonics.7b00987}
}

@article{sun2009novel,
  title={A novel formulation of the volume integral equation for electromagnetic scattering},
  author={Sun, LE and Chew, Weng Cho},
  journal={Waves in Random and Complex Media},
  volume={19},
  number={1},
  pages={162--180},
  year={2009},
  publisher={Taylor \& Francis}
}

@article{lee2019band,
  title={Band flips and bound-state transitions in leaky-mode photonic lattices},
  author={Lee, Sun-Goo and Magnusson, Robert},
  journal={Physical Review B},
  volume={99},
  number={4},
  pages={045304},
  year={2019},
  publisher={APS}
}

@article{lei2017revisiting,
  title={Revisiting the effective medium approximation in all-dielectric subwavelength multilayers: breakdown and rebuilding},
  author={Lei, Xinrui and Mao, Lei and Lu, Yonghua and Wang, Pei},
  journal={Physical Review B},
  volume={96},
  number={3},
  pages={035439},
  year={2017},
  publisher={APS}
}

@article{leung2011review,
	title = {Review of super-resolution fluorescence microscopy for biology},
	volume = {65},
	url = {https://www.osapublishing.org/as/abstract.cfm?uri=as-65-9-967},
	
	number = {9},
	urldate = {2021-08-31},
	journal = {Applied Spectroscopy},
	author = {Leung, Bonnie O. and Chou, Keng C.},
	month = sep,
	year = {2011},
	pages = {967--980},
}

@article{lewi2019thermally,
  title={Thermally Reconfigurable Meta-Optics},
  author={Lewi, Tomer and Butakov, Nikita A and Evans, Hayden A and Knight, Mark W and Iyer, Prasad P and Higgs, David and Chorsi, Hamid and Trastoy, Juan and Granda, Javier Del Valle and Valmianski, Ilya and others},
  journal={IEEE Photonics Journal},
  volume={11},
  number={2},
  pages={1--16},
  year={2019},
  publisher={IEEE}
}

@article{li2017controlling,
  title={Controlling propagation and coupling of waveguide modes using phase-gradient metasurfaces},
  author={Li, Zhaoyi and Kim, Myoung-Hwan and Wang, Cheng and Han, Zhaohong and Shrestha, Sajan and Overvig, Adam Christopher and Lu, Ming and Stein, Aaron and Agarwal, Anuradha Murthy and Lon{\v{c}}ar, Marko and others},
  journal={Nature Nanotechnology},
  volume={12},
  number={7},
  pages={675},
  year={2017},
  publisher={Nature Publishing Group}
}

@article{li2017plasmon,
  title={Plasmon-enhanced fluorescence spectroscopy},
  author={Li, Jian-Feng and Li, Chao-Yu and Aroca, Ricardo F},
  journal={Chemical Society Reviews},
  volume={46},
  number={13},
  pages={3962--3979},
  year={2017},
  publisher={Royal Society of Chemistry}
}

@article{li2019leaky,
  title={Leaky mode transition and enhanced resonance in tilted fiber Bragg grating},
  author={Li, Zhihong and Shen, Xin’ge and Hua, Yiqi and Ruan, Xiukai and Dai, Yuxing},
  journal={Journal of Applied Physics},
  volume={126},
  number={15},
  pages={154501},
  year={2019},
  publisher={AIP Publishing LLC}
}

@article{liang2013formulation,
  title={Formulation for scalable optimization of microcavities via the frequency-averaged local density of states},
  author={Liang, Xiangdong and Johnson, Steven G},
  journal={Optics Express},
  volume={21},
  number={25},
  pages={30812--30841},
  year={2013},
  publisher={Optical Society of America}
}

@article{liberal2014least,
  title={Least upper bounds of the powers extracted and scattered by bi-anisotropic particles},
  author={Liberal, Inigo and Ra'di, Younes and Gonzalo, Ramon and Ederra, Inigo and Tretyakov, Sergei A and Ziolkowski, Richard W},
  journal={IEEE Transactions on Antennas and Propagation},
  volume={62},
  number={9},
  pages={4726--4735},
  year={2014},
  publisher={IEEE}
}

@article{liberal2014upper,
  title={Upper bounds on scattering processes and metamaterial-inspired structures that reach them},
  author={Liberal, Inigo and Ederra, Inigo and Gonzalo, Ramon and Ziolkowski, Richard W},
  journal={IEEE Transactions on Antennas and Propagation},
  volume={62},
  number={12},
  pages={6344--6353},
  year={2014},
  publisher={IEEE}
}

@article{lin2016cavity,
  title={Cavity-enhanced second-harmonic generation via nonlinear-overlap optimization},
  author={Lin, Zin and Liang, Xiangdong and Lon{\v{c}}ar, Marko and Johnson, Steven G and Rodriguez, Alejandro W},
  journal={Optica},
  volume={3},
  number={3},
  pages={233--238},
  year={2016},
  publisher={Optical Society of America}
}

@article{lin2016enhanced,
  title={Enhanced spontaneous emission at third-order Dirac exceptional points in inverse-designed photonic crystals},
  author={Lin, Zin and Pick, Adi and Lon{\v{c}}ar, Marko and Rodriguez, Alejandro W},
  journal={Physical Review Letters},
  volume={117},
  number={10},
  pages={107402},
  year={2016},
  publisher={APS}
}

@article{lin2018Dirac,
	title = {Topology-optimized dual-polarization {Dirac} cones},
	volume = {97},
	issn = {2469-9950, 2469-9969},
	url = {https://link.aps.org/doi/10.1103/PhysRevB.97.081408},
	doi = {10.1103/PhysRevB.97.081408},
	
	number = {8},
	urldate = {2021-08-25},
	journal = {Physical Review B},
	author = {Lin, Zin and Christakis, Lysander and Li, Yang and Mazur, Eric and Rodriguez, Alejandro W. and Lončar, Marko},
	month = feb,
	year = {2018},
	pages = {081408},
}

@article{lin2019overlapping,
	title = {Overlapping domains for topology optimization of large-area metasurfaces},
	volume = {27},
	issn = {1094-4087},
	url = {https://www.osapublishing.org/abstract.cfm?URI=oe-27-22-32445},
	doi = {10.1364/OE.27.032445},
	
	number = {22},
	urldate = {2021-09-01},
	journal = {Optics Express},
	author = {Lin, Zin and Johnson, Steven G.},
	month = oct,
	year = {2019},
	pages = {32445}
}

@article{lin2019topology,
  title={Topology optimization of freeform large-area metasurfaces},
  author={Lin, Zin and Liu, Victor and Pestourie, Rapha{\"e}l and Johnson, Steven G},
  journal={Optics Express},
  volume={27},
  number={11},
  pages={15765--15775},
  year={2019},
  publisher={Optical Society of America}
}

@article{liu2013causality,
  title={Causality and passivity properties of effective parameters of electromagnetic multilayered structures},
  author={Liu, Yan and Guenneau, S{\'e}bastien and Gralak, Boris},
  journal={Physical Review B},
  volume={88},
  number={16},
  pages={165104},
  year={2013},
  publisher={APS}
}

@article{liu2007description,
  title={Description and explanation of electromagnetic behaviors in artificial metamaterials based on effective medium theory},
  author={Liu, Ruopeng and Cui, Tie Jun and Huang, Da and Zhao, Bo and Smith, David R},
  journal={Physical Review E},
  volume={76},
  number={2},
  pages={026606},
  year={2007},
  publisher={APS}
}

@article{liu2016fundamental,
  title={Fundamental scaling laws in nanophotonics},
  author={Liu, Ke and Sun, Shuai and Majumdar, Arka and Sorger, Volker J},
  journal={Scientific Reports},
  volume={6},
  pages={37419},
  year={2016},
  publisher={Nature Publishing Group}
}

@article{liu2018potential,
  title={A potential-based integral equation method for low-frequency electromagnetic problems},
  author={Liu, Qin S and Sun, Sheng and Chew, Weng Cho},
  journal={IEEE Transactions on Antennas and Propagation},
  volume={66},
  number={3},
  pages={1413--1426},
  year={2018},
  publisher={IEEE}
}

@article{liu2017enhancing,
  title={Enhancing the optical cross section of quantum antenna},
  author={Liu, Jingfeng and Zhou, Ming and Ying, Lei and Chen, Xuewen and Yu, Zongfu},
  journal={Physical Review A},
  volume={95},
  number={1},
  pages={013814},
  year={2017},
  publisher={APS}
}

@article{liu2017quantum,
  title={Quantum electrodynamics near a photonic bandgap},
  author={Liu, Yanbing and Houck, Andrew A},
  journal={Nature Physics},
  volume={13},
  number={1},
  pages={48},
  year={2017},
  publisher={Nature Publishing Group}
}

@article{liu2018training,
	title = {Training deep neural networks for the inverse design of nanophotonic structures},
	volume = {5},
	issn = {2330-4022, 2330-4022},
	url = {https://pubs.acs.org/doi/10.1021/acsphotonics.7b01377},
	doi = {10.1021/acsphotonics.7b01377},
	
	number = {4},
	urldate = {2021-08-31},
	journal = {ACS Photonics},
	author = {Liu, Dianjing and Tan, Yixuan and Khoram, Erfan and Yu, Zongfu},
	month = apr,
	year = {2018},
	pages = {1365--1369},
}

@article{lu2010inverse,
  title={Inverse design of nanophotonic structures using complementary convex optimization},
  author={Lu, Jesse and Vu{\v{c}}kovi{\'c}, Jelena},
  journal={Optics Express},
  volume={18},
  number={4},
  pages={3793--3804},
  year={2010},
  publisher={Optical Society of America}
}

@article{lu2012objective,
  title={Objective-first design of high-efficiency, small-footprint couplers between arbitrary nanophotonic waveguide modes},
  author={Lu, Jesse and Vu{\v{c}}kovi{\'c}, Jelena},
  journal={Optics express},
  volume={20},
  number={7},
  pages={7221--7236},
  year={2012},
  publisher={Optical Society of America}
}

@article{lu2013nanophotonic,
  title={Nanophotonic computational design},
  author={Lu, Jesse and Vu{\v{c}}kovi{\'c}, Jelena},
  journal={Optics Express},
  volume={21},
  number={11},
  pages={13351--13367},
  year={2013},
  publisher={Optical Society of America}
}

@article{lu2016symmetry,
  title={Symmetry-protected topological photonic crystal in three dimensions},
  author={Lu, Ling and Fang, Chen and Fu, Liang and Johnson, Steven G and Joannopoulos, John D and Solja{\v{c}}i{\'c}, Marin},
  journal={Nature Physics},
  volume={12},
  number={4},
  pages={337},
  year={2016},
  publisher={Nature Publishing Group}
}

@article{lu2017dynamically,
  title={Dynamically controlled Purcell enhancement of visible spontaneous emission in a gated plasmonic heterostructure},
  author={Lu, Yu-Jung and Sokhoyan, Ruzan and Cheng, Wen-Hui and Shirmanesh, Ghazaleh Kafaie and Davoyan, Artur R and Pala, Ragip A and Thyagarajan, Krishnan and Atwater, Harry A},
  journal={Nature Communications},
  volume={8},
  number={1},
  pages={1631},
  year={2017},
  publisher={Nature Publishing Group}
}

@article{luque1997increasing,
  title={Increasing the efficiency of ideal solar cells by photon induced transitions at intermediate levels},
  author={Luque, Antonio and Mart{\'\i}, Antonio},
  journal={Physical Review Letters},
  volume={78},
  number={26},
  pages={5014},
  year={1997},
  publisher={APS},
  doi={10.1103/PhysRevLett.78.5014}
}

@article{macchi2009light,
  title={Light sail acceleration reexamined},
  author={Macchi, Andrea and Veghini, Silvia and Pegoraro, Francesco},
  journal={Physical Review Letters},
  volume={103},
  number={8},
  pages={085003},
  year={2009},
  doi = {10.1103/PhysRevLett.103.085003},
  publisher={APS}
}

@book{mackay2015modern,
  title={Modern analytical electromagnetic homogenization},
  author={Mackay, Tom G and Lakhtakia, Akhlesh},
  year={2015},
  publisher={Morgan \& Claypool Publishers}
}

@book{maier2007plasmonics,
  title={Plasmonics: fundamentals and applications},
  author={Maier, Stefan Alexander},
  year={2007},
  publisher={Springer Science \& Business Media}
}

@article{magdi2017broadband,
  title={Broadband absorption enhancement in organic solar cells using refractory plasmonic ceramics},
  author={Magdi, Sara and Ji, Dengxin and Gan, Qiaoqiang and Swillam, Mohamed A},
  journal={Journal of Nanophotonics},
  volume={11},
  number={1},
  pages={016001},
  year={2017},
  doi={0.1117/1.JNP.11.016001},
  publisher={International Society for Optics and Photonics}
}

@article{mann2019nonreciprocal,
  title={Nonreciprocal cavities and the time--bandwidth limit},
  author={Mann, Sander A and Sounas, Dimitrios L and Al{\`u}, Andrea},
  journal={Optica},
  volume={6},
  number={1},
  pages={104--110},
  year={2019},
  publisher={Optical Society of America}
}

@article{marconi2008fluctuation,
  title={Fluctuation--dissipation: response theory in statistical physics},
  author={Marconi, Umberto Marini Bettolo and Puglisi, Andrea and Rondoni, Lamberto and Vulpiani, Angelo},
  journal={Physics Reports},
  volume={461},
  number={4-6},
  pages={111--195},
  year={2008},
  publisher={Elsevier}
}

@article{markel2016maxwell,
  title={Maxwell Garnett approximation (advanced topics): tutorial},
  author={Markel, Vadim A},
  journal={Journal of the Optical Society of America A},
  volume={33},
  number={11},
  pages={2237--2255},
  year={2016},
  publisher={Optical Society of America}
}

@article{markkanen2012discretization,
  title={Discretization of volume integral equation formulations for extremely anisotropic materials},
  author={Markkanen, Johannes and Yla-Oijala, Pasi and Sihvola, Ari},
  journal={IEEE Transactions on Antennas and Propagation},
  volume={60},
  number={11},
  pages={5195--5202},
  year={2012},
  publisher={IEEE}
}

@article{markvart2007thermodynamics,
	title = {The thermodynamics of optical étendue},
	volume = {10},
	issn = {1464-4258},
	url = {https://doi.org/10.1088/1464-4258/10/01/015008},
	doi = {10.1088/1464-4258/10/01/015008},
	number = {1},
	urldate = {2021-09-01},
	journal = {Journal of Optics A: Pure and Applied Optics},
	author = {Markvart, T.},
	month = dec,
	year = {2007},
	pages = {015008},
}

@article{martinsson2011randomized,
  title={A randomized algorithm for the decomposition of matrices},
  author={Martinsson, Per-Gunnar and Rokhlin, Vladimir and Tygert, Mark},
  journal={Applied and Computational Harmonic Analysis},
  volume={30},
  number={1},
  pages={47--68},
  year={2011},
  publisher={Elsevier}
}

@article{mccall2018roadmap,
	title = {Roadmap on transformation optics},
	volume = {20},
	issn = {2040-8986},
	url = {https://doi.org/10.1088/2040-8986/aab976},
	doi = {10.1088/2040-8986/aab976},
	
	number = {6},
	urldate = {2021-08-20},
	journal = {Journal of Optics},
	author = {McCall, Martin and Pendry, John B. and Galdi, Vincenzo and Lai, Yun and Horsley, S. A. R. and Li, Jensen and Zhu, Jian and Mitchell-Thomas, Rhiannon C. and Quevedo-Teruel, Oscar and Tassin, Philippe and Ginis, Vincent and Martini, Enrica and Minatti, Gabriele and Maci, Stefano and Ebrahimpouri, Mahsa and Hao, Yang and Kinsler, Paul and Gratus, Jonathan and Lukens, Joseph M. and Weiner, Andrew M. and Leonhardt, Ulf and Smolyaninov, Igor I. and Smolyaninova, Vera N. and Thompson, Robert T. and Wegener, Martin and Kadic, Muamer and Cummer, Steven A.},
	month = may,
	year = {2018},
	publisher = {IOP Publishing},
	pages = {063001},
}

@article{meem2020large,
  title={Large-area, high-numerical-aperture multi-level diffractive lens via inverse design},
  author={Meem, Monjurul and Banerji, Sourangsu and Pies, Christian and Oberbiermann, Timo and Majumder, Apratim and Sensale-Rodriguez, Berardi and Menon, Rajesh},
  journal={Optica},
  volume={7},
  number={3},
  pages={252--253},
  year={2020},
  publisher={Optical Society of America}
}

@article{men2014robust,
  title={Robust topology optimization of three-dimensional photonic-crystal band-gap structures},
  author={Men, Han and Lee, Karen YK and Freund, Robert M and Peraire, Jaime and Johnson, Steven G},
  journal={Optics Express},
  volume={22},
  number={19},
  pages={22632--22648},
  year={2014},
  publisher={Optical Society of America}
}

@article{meng2018topology,
  title={Topology-Optimized 3D Photonic Structures with Maximal Omnidirectional Bandgaps},
  author={Meng, Fei and Jia, Baohua and Huang, Xiaodong},
  journal={Advanced Theory and Simulations},
  volume={1},
  number={12},
  pages={1800122},
  year={2018},
  publisher={Wiley Online Library}
}


@article{mckellar1982sum,
  title={Sum rules for optical scattering amplitudes},
  author={McKellar, Bruce HJ and Box, Michael A and Bohren, Craig F},
  journal={Journal of the Optical Society of America},
  volume={72},
  number={5},
  pages={535--538},
  year={1982},
  publisher={Optical Society of America}
}

@article{mclean1996re,
  title={A re-examination of the fundamental limits on the radiation {Q} of electrically small antennas},
  author={McLean, James S},
  journal={IEEE Transactions on Antennas and Propagation},
  volume={44},
  number={5},
  pages={672},
  year={1996},
  publisher={IEEE}
}

@article{merrill1999effective,
  title={Effective medium theories for artificial materials composed of multiple sizes of spherical inclusions in a host continuum},
  author={Merrill, William M and Diaz, Rodolfo E and Lore, Michael M and Squires, Mark C and Alexopoulos, Nicolaos G},
  journal={IEEE Transactions on Antennas and Propagation},
  volume={47},
  number={1},
  pages={142--148},
  year={1999},
  publisher={IEEE}
}

@article{michon2019limits,
  title={Limits to surface-enhanced Raman scattering near arbitrary-shape scatterers},
  author={Michon, J{\'e}r{\^o}me and Benzaouia, Mohammed and Yao, Wenjie and Miller, Owen D and Johnson, Steven G},
  journal={Optics Express},
  volume={27},
  number={24},
  pages={35189--35202},
  year={2019},
  publisher={Optical Society of America}
}

@article{michaels2018inverse,
  title={Inverse design of near unity efficiency perfectly vertical grating couplers},
  author={Michaels, Andrew and Yablonovitch, Eli},
  journal={Optics express},
  volume={26},
  number={4},
  pages={4766--4779},
  year={2018},
  publisher={Optical Society of America}
}

@article{miller2000communicating,
  title={Communicating with waves between volumes: evaluating orthogonal spatial channels and limits on coupling strengths},
  author={Miller, David A B},
  journal={Applied Optics},
  volume={39},
  number={11},
  pages={1681--1699},
  year={2000},
  publisher={Optical Society of America}
}

@article{miller2013complicated,
  title={How complicated must an optical component be?},
  author={Miller, David AB},
  journal={JOSA A},
  volume={30},
  number={2},
  pages={238--251},
  year={2013},
  publisher={Optical Society of America}
}

@article{miller2014effectiveness,
  title={Effectiveness of thin films in lieu of hyperbolic metamaterials in the near field},
  author={Miller, Owen D and Johnson, Steven G and Rodriguez, Alejandro W},
  journal={Physical Review Letters},
  volume={112},
  number={15},
  pages={157402},
  year={2014},
  publisher={APS}
}

@article{miller2007fundamental,
  title={Fundamental limit for optical components},
  author={Miller, David A B},
  journal={Journal of the Optical Society of America B},
  volume={24},
  number={10},
  pages={A1--A18},
  year={2007},
  publisher={Optical Society of America}
}

@article{miller2007slow,
	title = {Fundamental {Limit} to {Linear} {One}-{Dimensional} {Slow} {Light} {Structures}},
	volume = {99},
	issn = {0031-9007, 1079-7114},
	url = {https://link.aps.org/doi/10.1103/PhysRevLett.99.203903},
	doi = {10.1103/PhysRevLett.99.203903},
	
	number = {20},
	urldate = {2021-08-17},
	journal = {Physical Review Letters},
	author = {Miller, David A. B.},
	month = nov,
	year = {2007},
	pages = {203903},
}

@article{miller2012all,
  title={All linear optical devices are mode converters},
  author={Miller, David AB},
  journal={Optics express},
  volume={20},
  number={21},
  pages={23985--23993},
  year={2012},
  publisher={Optical Society of America}
}

@inproceedings{miller2013photon,
  title={Photon extraction: the key physics for approaching solar cell efficiency limits},
  author={Miller, Owen D and Yablonovitch, Eli},
  booktitle={Active Photonic Materials V},
  volume={8808},
  pages={880807},
  year={2013},
  organization={International Society for Optics and Photonics}
}

@article{miller2013self,
  title={Self-configuring universal linear optical component},
  author={Miller, David AB},
  journal={Photonics Research},
  volume={1},
  number={1},
  pages={1--15},
  year={2013},
  publisher={Optical Society of America}
}

@article{miller2014fundamental,
  title={Fundamental limits to extinction by metallic nanoparticles},
  author={Miller, Owen D and Hsu, Chia Wei and Reid, M. T. Homer and Qiu, Wenjun and DeLacy, Brendan G and Joannopoulos, John D and Solja{\v{c}}i{\'c}, Marin and Johnson, Steven G},
  journal={Physical Review Letters},
  volume={112},
  number={12},
  pages={123903},
  year={2014},
  publisher={APS}
}

@article{miller2015shape,
  title={Shape-independent limits to near-field radiative heat transfer},
  author={Miller, Owen D and Johnson, Steven G and Rodriguez, Alejandro W},
  journal={Physical Review Letters},
  volume={115},
  number={20},
  pages={204302},
  year={2015},
  publisher={APS}
}

@article{miller2016fundamental,
  title={Fundamental limits to optical response in absorptive systems},
  author={Miller, Owen D and Polimeridis, Athanasios G and Reid, M. T. Homer and Hsu, Chia Wei and DeLacy, Brendan G and Joannopoulos, John D and Solja{\v{c}}i{\'c}, Marin and Johnson, Steven G},
  journal={Optics Express},
  volume={24},
  number={4},
  pages={3329--3364},
  year={2016},
  publisher={Optical Society of America}
}

@article{miller2017universal,
  title={Universal modal radiation laws for all thermal emitters},
  author={Miller, David AB and Zhu, Linxiao and Fan, Shanhui},
  journal={Proceedings of the National Academy of Sciences},
  volume={114},
  number={17},
  pages={4336--4341},
  year={2017},
  publisher={National Acad Sciences}
}

@article{miller2019waves,
  title={Waves, modes, communications, and optics: a tutorial},
  author={Miller, David AB},
  journal={Advances in Optics and Photonics},
  volume={11},
  number={3},
  pages={679--825},
  year={2019},
  publisher={Optical Society of America}
}

@article{milton2012repulsive,
	title = {Repulsive {Casimir} and {Casimir}–{Polder} forces},
	volume = {45},
	issn = {1751-8113, 1751-8121},
	url = {https://iopscience.iop.org/article/10.1088/1751-8113/45/37/374006},
	doi = {10.1088/1751-8113/45/37/374006},
	
	number = {37},
	urldate = {2021-08-17},
	journal = {Journal of Physics A: Mathematical and Theoretical},
	author = {Milton, Kimball A and Abalo, E K and Parashar, Prachi and Pourtolami, Nima and Brevik, Iver and Ellingsen, Simen Å},
	month = sep,
	year = {2012},
	pages = {374006},
}

@article{miroshnichenko2018ultimate,
  title={Ultimate Absorption in Light Scattering by a Finite Obstacle},
  author={Miroshnichenko, Andrey E and Tribelsky, Michael I},
  journal={Physical Review Letters},
  volume={120},
  number={3},
  pages={033902},
  year={2018},
  publisher={APS}
}

@article{mizuno2009black,
  title={A black body absorber from vertically aligned single-walled carbon nanotubes},
  author={Mizuno, Kohei and Ishii, Juntaro and Kishida, Hideo and Hayamizu, Yuhei and Yasuda, Satoshi and Futaba, Don N and Yumura, Motoo and Hata, Kenji},
  journal={Proceedings of the National Academy of Sciences},
  volume={106},
  number={15},
  pages={6044--6047},
  year={2009},
  doi={10.1073/pnas.0900155106},
  publisher={National Academy of Sciences}
}

@article{mokkapati2012nanophotonic,
  title={Nanophotonic light trapping in solar cells},
  author={Mokkapati, Sudha and Catchpole, KR},
  journal={Journal of Applied Physics},
  volume={112},
  number={10},
  pages={101101},
  year={2012},
  publisher={American Institute of Physics}
}

@article{molesky2018inverse,
  title={Inverse design in nanophotonics},
  author={Molesky, Sean and Lin, Zin and Piggott, Alexander Y and Jin, Weiliang and Vu{\v{c}}kovi{\'c}, Jelena and Rodriguez, Alejandro W},
  journal={Nature Photonics},
  volume={12},
  number={11},
  pages={659--670},
  year={2018},
  publisher={Nature Publishing Group}
}

@article{molesky2019bounds,
  title={$\mathbb{T}$-operator bounds on angle-integrated absorption and thermal radiation for arbitrary objects},
  author={Molesky, Sean and Jin, Weiliang and Venkataram, Prashanth S and Rodriguez, Alejandro W},
  journal={Physical Review Letters},
  volume={123},
  pages = {257401},
  year={2019}
}

@article{molesky2020fundamental,
  title={Fundamental limits to radiative heat transfer: theory},
  author={Molesky, Sean and Venkataram, Prashanth S and Jin, Weiliang and Rodriguez, Alejandro W},
  journal={Physical Review B},
  volume={101},
  number={3},
  pages={035408},
  year={2020},
  publisher={APS}
}

@article{molesky2020t,
  title={Global $\mathbb{T}$ operator bounds on electromagnetic scattering: upper bounds on far-field cross sections},
  author={Molesky, Sean and Chao, Pengning and Jin, Weiliang and Rodriguez, Alejandro W},
  journal={Physical Review Research},
  volume={2},
  number={3},
  pages={033172},
  year={2020},
  publisher={APS}
}


@article{molesky2020hierarchical,
  title = {Hierarchical mean-field $\mathbb{T}$ operator bounds on electromagnetic scattering: Upper bounds on near-field radiative Purcell enhancement},
  author = {Molesky, Sean and Chao, Pengning and Rodriguez, Alejandro W.},
  journal = {Physical Review Research},
  volume = {2},
  issue = {4},
  pages = {043398},
  numpages = {12},
  year = {2020},
  month = {Dec},
  publisher = {American Physical Society},
  doi = {10.1103/PhysRevResearch.2.043398},
}


@article{molesky2021comm,
  title = {$\mathbb{T}$-operator limits on optical communication: Metaoptics, computation, and input-output transformations},
  author = {Molesky, S. and Chao, P. and Mohajan, J. and Reinhart, W. and Chi, H. and Rodriguez, A. W.},
  journal = {Physical Review Research},
  volume = {4},
  issue = {1},
  pages = {013020},
  numpages = {15},
  year = {2022},
  month = {Jan},
  publisher = {American Physical Society},
  doi = {10.1103/PhysRevResearch.4.013020},
}

@article{monticone2016invisibility,
  title={Invisibility exposed: physical bounds on passive cloaking},
  author={Monticone, Francesco and Al{\`u}, Andrea},
  journal={Optica},
  volume={3},
  number={7},
  pages={718--724},
  year={2016},
  publisher={Optical Society of America}
}

@article{moreau2003coordinated,
  title={Coordinated gradient descent: A case study of lagrangian dynamics with projected gradient information},
  author={Moreau, Luc and Bachmayer, Ralf and Leonard, Naomi Ehrich},
  journal={IFAC Proceedings},
  volume={36},
  number={2},
  pages={57},
  year={2003},
  publisher={Elsevier},
  doi={10.1016/S1474-6670(17)38867-5}
}

@book{morters2010brownian,
  title={Brownian motion},
  author={M{\"o}rters, Peter and Peres, Yuval},
  volume={30},
  year={2010},
  publisher={Cambridge University Press}
}

@article{mossman2016fundamental,
	title = {Fundamental limits on the electro-optic device figure of merit},
	volume = {33},
	issn = {1520-8540},
	url = {https://www.osapublishing.org/josab/abstract.cfm?uri=josab-33-12-E109},
	doi = {10.1364/JOSAB.33.00E109},
	
	number = {12},
	urldate = {2021-08-23},
	journal = {JOSA B},
	author = {Mossman, Sean and Lytel, Rick and Kuzyk, Mark G.},
	month = dec,
	year = {2016},
	publisher = {Optical Society of America},
	pages = {E109--E120},
}

@manual{mpmath,
  key     = {mpmath},
  author  = {Fredrik Johansson and others},
  title   = {mpmath: a {P}ython library for arbitrary-precision floating-point arithmetic (version 1.1.0)},
  note    = {{\tt http://mpmath.org/}},
  month   = {December},
  year    = {2018},
}

@article{munday2012light,
  title={Light trapping beyond the $4n^{2}$ limit in thin waveguides},
  author={Munday, Jeremy N and Callahan, Dennis M and Atwater, Harry A},
  journal={Applied Physics Letters},
  volume={100},
  number={12},
  pages={121121},
  year={2012},
  publisher={AIP}
}

@article{munsch2013dielectric,
  title={Dielectric GaAs antenna ensuring an efficient broadband coupling between an InAs quantum dot and a Gaussian optical beam},
  author={Munsch, Mathieu and Malik, Nitin S and Dupuy, Emmanuel and Delga, Adrien and Bleuse, Jo{\"e}l and G{\'e}rard, Jean-Michel and Claudon, Julien and Gregersen, Niels and M{\o}rk, Jesper},
  journal={Physical Review Letters},
  volume={110},
  number={17},
  pages={177402},
  year={2013},
  publisher={APS}
}

@book{nesterov2018lectures,
  title={Lectures on convex optimization},
  author={Nesterov, Yurii},
  volume={137},
  year={2018},
  publisher={Springer}
}

@article{neutens2009electrical,
  title={Electrical detection of confined gap plasmons in metal--insulator--metal waveguides},
  author={Neutens, Pieter and Van Dorpe, Pol and De Vlaminck, Iwijn and Lagae, Liesbet and Borghs, Gustaaf},
  journal={Nature Photonics},
  volume={3},
  number={5},
  pages={283},
  year={2009},
  publisher={Nature Publishing Group}
}

@book{newton2013scattering,
  title={Scattering theory of waves and particles},
  author={Newton, Roger G},
  year={2013},
  publisher={Springer Science \& Business Media}
}

@article{niv2012near,
  title={Near-field electromagnetic theory for thin solar cells},
  author={Niv, Avi and Gharghi, M and Gladden, Christopher and Miller, Owen D and Zhang, Xiang},
  journal={Physical Review Letters},
  volume={109},
  number={13},
  pages={138701},
  year={2012},
  publisher={APS}
}

@article{vahala2003optical,
  title={Optical microcavities},
  author={Vahala, Kerry J},
  journal={Nature},
  volume={424},
  number={6950},
  pages={839--846},
  year={2003},
  publisher={Nature Publishing Group},
  doi={10.1038/nature01939}
}

@article{van1953s,
  title={S-matrix and causality condition. {I.} {Maxwell} field},
  author={Van Kampen, NG},
  journal={Physical Review},
  volume={89},
  number={5},
  pages={1072},
  year={1953},
  publisher={APS}
}

@inproceedings{van2007gaps,
  title={Gaps in present discretization schemes for domain integral equations},
  author={Van Beurden, MC and Van Eijndhoven, SJL},
  booktitle={Electromagnetics in Advanced Applications, 2007. ICEAA 2007. International Conference on},
  pages={673--675},
  year={2007},
  organization={IEEE}
}

@article{van2008well,
  title={Well-posedness of domain integral equations for a dielectric object in homogeneous background},
  author={Van Beurden, MC and Van Eijndhoven, SJL},
  journal={Journal of Engineering Mathematics},
  volume={62},
  number={3},
  pages={289--302},
  year={2008},
  publisher={Springer}
}
@article{noginov2018miniature,
  title={Miniature lasers: Is metal a friend or foe?},
  author={Noginov, Mikhail A and Khurgin, Jacob B},
  journal={Nature materials},
  volume={17},
  number={2},
  pages={116--117},
  year={2018},
  publisher={Nature Publishing Group},
  doi={10.1038/nmat5065}
}

@article{nourian2013e,
  title={$\epsilon$-Nash mean field game theory for nonlinear stochastic dynamical systems with major and minor agents},
  author={Nourian, Mojtaba and Caines, Peter E},
  journal={SIAM Journal on Control and Optimization},
  volume={51},
  number={4},
  pages={3302--3331},
  year={2013},
  publisher={SIAM}
}

@misc{NIST:DLMF,
  key = "{\relax DLMF}",
  title = "{\it NIST Digital Library of Mathematical Functions}",
  howpublished = "http://dlmf.nist.gov/, Release 1.0.25 of 2019-12-15",
  url = "http://dlmf.nist.gov/",
  note = "F.~W.~J. Olver, A.~B. {Olde Daalhuis}, D.~W. Lozier, B.~I. Schneider, R.~F. Boisvert, C.~W. Clark, B.~R. Miller, B.~V. Saunders, H.~S. Cohl, and M.~A. McClain, eds."
}

@book{novotny2012principles,
  title={Principles of nano-optics},
  author={Novotny, Lukas and Hecht, Bert},
  year={2012},
  publisher={Cambridge university press}
}

@article{nordebo2017physical,
  title={On the physical limitations for radio frequency absorption in gold nanoparticle suspensions},
  author={Nordebo, Sven and Dalarsson, Mariana and Ivanenko, Yevhen and Sj{\"o}berg, Daniel and Bayford, Richard},
  journal={Journal of Physics D: Applied Physics},
  volume={50},
  number={15},
  pages={155401},
  year={2017},
  publisher={IOP Publishing}
}

@article{oh2021nanophotonic,
	title = {Nanophotonic biosensors harnessing van der {Waals} materials},
	volume = {12},
	copyright = {2021 The Author(s)},
	issn = {2041-1723},
	url = {https://www.nature.com/articles/s41467-021-23564-4},
	doi = {10.1038/s41467-021-23564-4},
	
	number = {1},
	urldate = {2021-08-31},
	journal = {Nature Communications},
	author = {Oh, Sang-Hyun and Altug, Hatice and Jin, Xiaojia and Low, Tony and Koester, Steven J. and Ivanov, Aleksandar P. and Edel, Joshua B. and Avouris, Phaedon and Strano, Michael S.},
	month = jun,
	year = {2021}
}

@article{okoro2017demonstration,
  title={Demonstration of an optical-coherence converter},
  author={Okoro, Chukwuemeka and Kondakci, H Esat and Abouraddy, Ayman F and Toussaint, Kimani C},
  journal={Optica},
  volume={4},
  number={9},
  pages={1052--1058},
  year={2017},
  publisher={Optical Society of America}
}

@inproceedings{onnes1914simplyfied,
  title={Simplyfied deduction of the formula from the theory of combinations which {Planck} uses as the basis of his radiation-theory},
  author={Onnes, H Kamerlingh and Ehrenfest, P},
  booktitle={KNAW, Proceedings},
  volume={17},
  pages={870--873},
  year={1914}
}

@book{opper2001advanced,
  title={Advanced mean field methods: Theory and practice},
  author={Opper, Manfred and Saad, David},
  year={2001},
  publisher={MIT press}
}

@article{ourir2006all,
  title={All-metamaterial-based subwavelength cavities ($\lambda$/ 60) for ultrathin directive antennas},
  author={Ourir, Abdelwaheb and de Lustrac, Andr{\'e} and Lourtioz, Jean-Michel},
  journal={Applied Physics Letters},
  volume={88},
  number={8},
  pages={084103},
  year={2006},
  publisher={AIP}
} 

@article{ozawa2019topological,
  title={Topological photonics},
  author={Ozawa, Tomoki and Price, Hannah M and Amo, Alberto and Goldman, Nathan and Hafezi, Mohammad and Lu, Ling and Rechtsman, Mikael C and Schuster, David and Simon, Jonathan and Zilberberg, Oded and others},
  journal={Reviews of Modern Physics},
  volume={91},
  number={1},
  pages={015006},
  year={2019},
  publisher={APS}
}

@article{ozban2004some,
  title={Some new variants of Newton's method},
  author={{\"O}zban, Ahmet Yasar},
  journal={Applied Mathematics Letters},
  volume={17},
  number={6},
  pages={677--682},
  year={2004},
  publisher={Elsevier}
}   

@article{pais1979einstein,
  title={Einstein and the quantum theory},
  author={Pais, Abraham},
  journal={Reviews of Modern Physics},
  volume={51},
  number={4},
  pages={863},
  year={1979},
  publisher={APS}
}

@article{pai2019matrix,
  title={Matrix optimization on universal unitary photonic devices},
  author={Pai, Sunil and Bartlett, Ben and Solgaard, Olav and Miller, David AB},
  journal={Physical Review Applied},
  volume={11},
  number={6},
  pages={064044},
  year={2019},
  publisher={APS}
}

@book{palik1998handbook,
  title={Handbook of optical constants of solids},
  author={Palik, Edward D},
  volume={3},
  year={1998},
  publisher={Academic Press}
}

@book{pardalos2013handbook,
  title={Handbook of global optimization},
  author={Pardalos, Panos M and Romeijn, H Edwin},
  volume={2},
  year={2013},
  publisher={Springer Science \& Business Media}
}

@article{park2017general,
  title={General heuristics for nonconvex quadratically constrained quadratic programming},
  author={Park, Jaehyun and Boyd, Stephen},
  journal={arXiv:1703.07870},
  year={2017}
}

@article{pedersen2008limits,
	title = {Limits of slow light in photonic crystals},
	volume = {78},
	issn = {1098-0121, 1550-235X},
	url = {https://link.aps.org/doi/10.1103/PhysRevB.78.153101},
	doi = {10.1103/PhysRevB.78.153101},
	number = {15},
	urldate = {2021-08-17},
	journal = {Physical Review B},
	author = {Pedersen, Jesper Goor and Xiao, Sanshui and Mortensen, Niels Asger},
	month = oct,
	year = {2008},
	pages = {153101},
}

@article{pendry2000negative,
	title = {Negative refraction makes a perfect lens},
	volume = {85},
	issn = {0031-9007, 1079-7114},
	url = {https://link.aps.org/doi/10.1103/PhysRevLett.85.3966},
	doi = {10.1103/PhysRevLett.85.3966},
	number = {18},
	urldate = {2021-08-31},
	journal = {Physical Review Letters},
	author = {Pendry, J. B.},
	month = oct,
	year = {2000},
	pages = {3966--3969},
}

@article{pestourie2018inverse,
  title={Inverse design of large-area metasurfaces},
  author={Pestourie, Rapha{\"e}l and P{\'e}rez-Arancibia, Carlos and Lin, Zin and Shin, Wonseok and Capasso, Federico and Johnson, Steven G},
  journal={Optics Express},
  volume={26},
  number={26},
  pages={33732--33747},
  year={2018},
  publisher={Optical Society of America}
}

@article{pendry1983quantum,
  title={Quantum limits to the flow of information and entropy},
  author={Pendry, John Brian},
  journal={Journal of Physics A: Mathematical and General},
  volume={16},
  number={10},
  pages={2161},
  year={1983},
  publisher={IOP Publishing}
}

@article{pendry1999radiative,
  title={Radiative exchange of heat between nanostructures},
  author={Pendry, John Brian},
  journal={Journal of Physics: Condensed Matter},
  volume={11},
  number={35},
  pages={6621},
  year={1999},
  publisher={IOP Publishing}
}

@article{pendry2006controlling,
	title = {Controlling electromagnetic fields},
	volume = {312},
	issn = {0036-8075, 1095-9203},
	url = {https://www.sciencemag.org/lookup/doi/10.1126/science.1125907},
	doi = {10.1126/science.1125907},
	
	number = {5781},
	urldate = {2021-08-16},
	journal = {Science},
	author = {Pendry, J. B.},
	month = jun,
	year = {2006},
	pages = {1780--1782},
}

@article{peng2016three,
  title={Three-dimensional single gyroid photonic crystals with a mid-infrared bandgap},
  author={Peng, Siying and Zhang, Runyu and Chen, Valerian H and Khabiboulline, Emil T and Braun, Paul and Atwater, Harry A},
  journal={ACS Photonics},
  volume={3},
  number={6},
  pages={1131--1137},
  year={2016},
  publisher={ACS Publications}
}

@article{petersen2016limitations,
  title={Limitations of effective medium theory in multilayer graphite/hBN heterostructures},
  author={Petersen, Ren{\'e} and Pedersen, Thomas Garm and Gjerding, Morten Niklas and Thygesen, Kristian Sommer},
  journal={Physical Review B},
  volume={94},
  number={3},
  pages={035128},
  year={2016},
  publisher={APS}
}

@article{phan1982quadratically,
  title={Quadratically constrained quadratic programming: Some applications and a method for solution},
  author={Phan-huy-Hao, E},
  journal={Zeitschrift f{\"u}r Operations Research},
  volume={26},
  number={1},
  pages={105--119},
  year={1982},
  publisher={Springer}
}

@article{phan2019high,
  title={High-efficiency, large-area, topology-optimized metasurfaces},
  author={Phan, Thaibao and Sell, David and Wang, Evan W and Doshay, Sage and Edee, Kofi and Yang, Jianji and Fan, Jonathan A},
  journal={Light: Science \& Applications},
  volume={8},
  number={1},
  pages={1--9},
  year={2019},
  publisher={Nature Publishing Group}
}

@article{pick2017general,
	title = {General theory of spontaneous emission near exceptional points},
	volume = {25},
	issn = {1094-4087},
	url = {https://www.osapublishing.org/abstract.cfm?URI=oe-25-11-12325},
	doi = {10.1364/OE.25.012325},
	
	number = {11},
	urldate = {2021-08-20},
	journal = {Optics Express},
	author = {Pick, Adi and Zhen, Bo and Miller, Owen D. and Hsu, Chia W. and Hernandez, Felipe and Rodriguez, Alejandro W. and Soljačić, Marin and Johnson, Steven G.},
	month = may,
	year = {2017},
	pages = {12325},
}

@article{piggott2017fabrication,
  title={Fabrication-constrained nanophotonic inverse design},
  author={Piggott, Alexander Y and Petykiewicz, Jan and Su, Logan and Vu{\v{c}}kovi{\'c}, Jelena},
  journal={Scientific reports},
  volume={7},
  number={1},
  pages={1786},
  year={2017},
  publisher={Nature Publishing Group}
}

@article{piggott2014inverse,
  title={Inverse design and implementation of a wavelength demultiplexing grating coupler},
  author={Piggott, Alexander Y and Lu, Jesse and Babinec, Thomas M and Lagoudakis, Konstantinos G and Petykiewicz, Jan and Vu{\v{c}}kovi{\'c}, Jelena},
  journal={Scientific Reports},
  volume={4},
  number={1},
  pages={1--5},
  year={2014},
  publisher={Nature Publishing Group}
}

@article{piggott2020fundamental,
	title = {On the fundamental limitations of imaging with evanescent waves},
	url = {http://arxiv.org/abs/2001.00237},
	urldate = {2021-08-15},
	journal = {arXiv:2001.00237},
	author = {Piggott, Alexander Y. and Su, Logan and Petykiewicz, Jan and Vučković, Jelena},
	month = jan,
	year = {2020},
	keywords = {Physics - Applied Physics, Physics - Optics},
}

@article{pirandola2017fundamental,
  title={Fundamental limits of repeaterless quantum communications},
  author={Pirandola, Stefano and Laurenza, Riccardo and Ottaviani, Carlo and Banchi, Leonardo},
  journal={Nature communications},
  volume={8},
  number={1},
  pages={1--15},
  year={2017},
  publisher={Nature Publishing Group}
}

@article{plefka1982convergence,
  title={Convergence condition of the TAP equation for the infinite-ranged Ising spin glass model},
  author={Plefka, Timm},
  journal={Journal of Physics A},
  volume={15},
  number={6},
  pages={1971},
  year={1982},
  publisher={IOP Publishing}
}

@article{polder1971theory,
	title = {Theory of {Radiative} {Heat} {Transfer} between {Closely} {Spaced} {Bodies}},
	volume = {4},
	issn = {0556-2805},
	url = {https://link.aps.org/doi/10.1103/PhysRevB.4.3303},
	doi = {10.1103/PhysRevB.4.3303},
	
	number = {10},
	urldate = {2021-08-22},
	journal = {Physical Review B},
	author = {Polder, D. and Van Hove, M.},
	month = nov,
	year = {1971},
	pages = {3303--3314},
}

@article{polimeridis2014computation,
  title={On the computation of power in volume integral equation formulations},
  author={Polimeridis, Athanasios G and Reid, M. T. Homer and Johnson, Steven G and White, Jacob K and Rodriguez, Alejandro W},
  journal={IEEE Transactions on Antennas and Propagation},
  volume={63},
  number={2},
  pages={611--620},
  year={2014},
  publisher={IEEE}
}

@article{polimeridis2015fluctuating,
  title={Fluctuating volume-current formulation of electromagnetic fluctuations in inhomogeneous media: Incandescence and luminescence in arbitrary geometries},
  author={Polimeridis, Athanasios G and Reid, M. T. Homer and Jin, Weiliang and Johnson, Steven G and White, Jacob K and Rodriguez, Alejandro W},
  journal={Physical Review B},
  volume={92},
  number={13},
  pages={134202},
  year={2015},
  publisher={APS}
}

@article{popov2016operator,
  title={Operator approach to effective medium theory to overcome a breakdown of Maxwell Garnett approximation},
  author={Popov, Vladislav and Lavrinenko, Andrei V and Novitsky, Andrey},
  journal={Physical Review B},
  volume={94},
  number={8},
  pages={085428},
  year={2016},
  publisher={APS},
  doi = {10.1103/PhysRevB.94.085428}
}

@article{povinelli2005slow-light,
	title = {Slow-light, band-edge waveguides for tunable time delays},
	volume = {13},
	issn = {1094-4087},
	url = {https://www.osapublishing.org/oe/abstract.cfm?uri=oe-13-18-7145},
	doi = {10.1364/OPEX.13.007145},
	number = {18},
	urldate = {2021-09-01},
	journal = {Optics Express},
	author = {Povinelli, M. L. and Johnson, Steven G. and Joannopoulos, J. D.},
	month = sep,
	year = {2005},
	pages = {7145--7159}
}

@article{presutti2020focusing,
	title = {Focusing on bandwidth: achromatic metalens limits},
	volume = {7},
	issn = {2334-2536},
	shorttitle = {Focusing on bandwidth},
	url = {https://www.osapublishing.org/abstract.cfm?URI=optica-7-6-624},
	doi = {10.1364/OPTICA.389404},
	
	number = {6},
	urldate = {2021-08-19},
	journal = {Optica},
	author = {Presutti, Federico and Monticone, Francesco},
	month = jun,
	year = {2020},
	pages = {624},
}

@article{purcell1969absorption,
  title = {On the absorption and emission of light by interstellar grains},
  volume = {158},
  issn = {0004-637X},
  doi = {10.1086/150207},
  journal = {The Astrophysical Journal},
  author = {Purcell, E. M.},
  year = {1969},
  pages = {433},
}

@article{rahi2009scattering,
  title={Scattering theory approach to electrodynamic Casimir forces},
  author={Rahi, Sahand Jamal and Emig, Thorsten and Graham, Noah and Jaffe, Robert L and Kardar, Mehran},
  journal={Physical Review D},
  volume={80},
  number={8},
  pages={085021},
  year={2009},
  publisher={APS}
}

@article{raussendorf2001one,
  title={A one-way quantum computer},
  author={Raussendorf, Robert and Briegel, Hans J},
  journal={Physical Review Letters},
  volume={86},
  number={22},
  pages={5188},
  year={2001},
  publisher={APS}
}

@article{rajabalipanah2020space,
  title={How Do Space-Time Digital Metasurfaces Serve to Perform Analog Signal Processing?},
  author={Rajabalipanah, Hamid and Abdolali, Ali and Iqbal, Shahid and Zhang, Lei and Cui, Tie Jun},
  journal={arXiv:2002.06773},
  year={2020}
}

@article{rechtsman2009method,
	title = {Method for obtaining upper bounds on photonic band gaps},
	volume = {80},
	issn = {1098-0121, 1550-235X},
	url = {https://link.aps.org/doi/10.1103/PhysRevB.80.155126},
	doi = {10.1103/PhysRevB.80.155126},
	
	number = {15},
	urldate = {2021-06-01},
	journal = {Physical Review B},
	author = {Rechtsman, Mikael C. and Torquato, Salvatore},
	month = oct,
	year = {2009},
	pages = {155126},
}

@article{rinnerbauer2013high,
  title={High-temperature stability and selective thermal emission of polycrystalline tantalum photonic crystals},
  author={Rinnerbauer, Veronika and Yeng, Yi Xiang and Chan, Walker R and Senkevich, Jay J and Joannopoulos, John D and Solja{\v{c}}i{\'c}, Marin and Celanovic, Ivan},
  journal={Optics Express},
  volume={21},
  number={9},
  pages={11482--11491},
  year={2013},
  publisher={Optical Society of America}
}

@article{richardson2013space,
  title={Space-division multiplexing in optical fibres},
  author={Richardson, David J and Fini, John M and Nelson, Lynn E},
  journal={Nature Photonics},
  volume={7},
  number={5},
  pages={354--362},
  year={2013},
  publisher={Nature Publishing Group}
}

@article{ries1982thermodynamic,
	title = {Thermodynamic limitations of the concentration of electromagnetic radiation},
	volume = {72},
	url = {https://www.osapublishing.org/josa/abstract.cfm?uri=josa-72-3-380},
	doi = {10.1364/JOSA.72.000380},
	
	number = {3},
	urldate = {2021-09-01},
	journal = {JOSA},
	author = {Ries, Harald},
	month = mar,
	year = {1982},
	publisher = {Optical Society of America},
	pages = {380--385},
}

@article{robitaille2009kirchhoff,
  title={Kirchhoff’s law of thermal emission: 150 years},
  author={Robitaille, Pierre-Marie},
  journal={Progress in Physics},
  volume={4},
  pages={3--13},
  year={2009}
}

@book{rockafellar1970convex,
  title={Convex analysis},
  author={Rockafellar, R Tyrrell},
  volume={36},
  year={1970},
  publisher={Princeton University Press}
}

@article{roes2012acoustic,
  title={Acoustic energy transfer: A review},
  author={Roes, Maurice GL and Duarte, Jorge L and Hendrix, Marcel AM and Lomonova, Elena A},
  journal={IEEE Transactions on Industrial Electronics},
  volume={60},
  number={1},
  pages={242--248},
  year={2012},
  publisher={IEEE}
}

@incollection{kirchhoff1978verhaltnis,
  title={{\"U}ber das Verh{\"a}ltnis zwischen dem Emissionsverm{\"o}gen und dem Absorptionsverm{\"o}gen der K{\"o}rper f{\"u}r W{\"a}rme und Licht},
  author={Kirchhoff, Gustav},
  booktitle={Von Kirchhoff bis Planck},
  pages={131--151},
  year={1978},
  publisher={Springer}
}

@article{roberts2018maskless,
  title={Maskless lithography of CMOS-compatible materials for hybrid plasmonic nanophotonics: aluminum nitride/aluminum oxide/aluminum waveguides},
  author={Roberts, M Joseph and Moran, Mark B and Johnson, Linda F and Freeman, Will},
  journal={Journal of Nanophotonics},
  volume={12},
  number={2},
  pages={026001},
  year={2018},
  publisher={International Society for Optics and Photonics},
  doi={10.1021/acs.nanolett.5b03942}
}

@article{ruan2010superscattering,
  title={Superscattering of light from subwavelength nanostructures},
  author={Ruan, Zhichao and Fan, Shanhui},
  journal={Physical Review Letters},
  volume={105},
  number={1},
  pages={013901},
  year={2010},
  publisher={APS}
}

@article{ruan2011design,
  title={Design of subwavelength superscattering nanospheres},
  author={Ruan, Zhichao and Fan, Shanhui},
  journal={Applied Physics Letters},
  volume={98},
  number={4},
  pages={043101},
  year={2011},
  publisher={AIP}
}

@article{ruan2012temporal,
  title={Temporal coupled-mode theory for light scattering by an arbitrarily shaped object supporting a single resonance},
  author={Ruan, Zhichao and Fan, Shanhui},
  journal={Physical Review A},
  volume={85},
  number={4},
  pages={043828},
  year={2012},
  publisher={APS}
}

@book{rudin2006real,
  title={Real and complex analysis},
  author={Rudin, Walter},
  year={2006},
  publisher={McGraw-Hill Education, New York}
}

@book{rudin1991functional,
  title={Functional analysis},
  author={Rudin, Walter},
  year={1991},
  Publisher={McGraw-Hill Education, New York}
}

@book{rytov1988principles2,
  title={Principles of statistical radiophysics 2. correlation theory of random processes.},
  author={Rytov, Sergei M and Kravtsov, Yu A and Tatarskii, Valerian Ilich},
  year={1988}
}

@article{sanchez1999near-field,
	title = {Near-field fluorescence microscopy based on two-photon excitation with metal tips},
	volume = {82},
	issn = {0031-9007, 1079-7114},
	url = {https://link.aps.org/doi/10.1103/PhysRevLett.82.4014},
	doi = {10.1103/PhysRevLett.82.4014},
	number = {20},
	urldate = {2021-09-01},
	journal = {Physical Review Letters},
	author = {Sánchez, Erik J. and Novotny, Lukas and Xie, X. Sunney},
	month = may,
	year = {1999},
	pages = {4014--4017},
}

@article{santhosh2016vacuum,
  title={Vacuum Rabi splitting in a plasmonic cavity at the single quantum emitter limit},
  author={Santhosh, Kotni and Bitton, Ora and Chuntonov, Lev and Haran, Gilad},
  journal={Nature Communications},
  volume={7},
  pages={1--5},
  year={2016},
  publisher={Nature Publishing Group}
}

@article{schneider2019benchmarking,
	title = {Benchmarking five global optimization approaches for nano-optical shape optimization and parameter reconstruction},
	volume = {6},
	issn = {2330-4022, 2330-4022},
	url = {https://pubs.acs.org/doi/10.1021/acsphotonics.9b00706},
	doi = {10.1021/acsphotonics.9b00706},
	number = {11},
	urldate = {2021-08-31},
	journal = {ACS Photonics},
	author = {Schneider, Philipp-Immanuel and Garcia Santiago, Xavier and Soltwisch, Victor and Hammerschmidt, Martin and Burger, Sven and Rockstuhl, Carsten},
	month = nov,
	year = {2019},
	pages = {2726--2733},
}

@article{selvaraja2009subnanometer,
  title={Subnanometer linewidth uniformity in silicon nanophotonic waveguide devices using CMOS fabrication technology},
  author={Selvaraja, Shankar Kumar and Bogaerts, Wim and Dumon, Pieter and Van Thourhout, Dries and Baets, Roel},
  journal={IEEE Journal of Selected Topics in Quantum Electronics},
  volume={16},
  number={1},
  pages={316--324},
  year={2009},
  publisher={IEEE}
}

@article{sen2016mean,
  title={Mean field game theory with a partially observed major agent},
  author={\c{S}en, Nevroz and Caines, Peter E},
  journal={SIAM Journal on Control and Optimization},
  volume={54},
  number={6},
  pages={3174--3224},
  year={2016},
  publisher={SIAM}
}

@article{shockley1961detailed,
  title={Detailed balance limit of efficiency of p-n junction solar cells},
  author={Shockley, William and Queisser, Hans J},
  journal={Journal of Applied Physics},
  volume={32},
  number={3},
  pages={510--519},
  year={1961},
  publisher={American Institute of Physics},
  doi={10.1063/1.1736034}
}

@article{shahpari2018fundamental,
  title={Fundamental limitations for antenna radiation efficiency},
  author={Shahpari, Morteza and Thiel, David V},
  journal={IEEE Transactions on Antennas and Propagation},
  volume={66},
  number={8},
  pages={3894--3901},
  year={2018},
  publisher={IEEE}
}

@article{shannon1948mathematical,
  title={A mathematical theory of communication},
  author={Shannon, Claude E},
  journal={The Bell System Technical Journal},
  volume={27},
  number={3},
  pages={379--423},
  year={1948},
  publisher={Nokia Bell Labs}
}

@article{shastri2021photonics,
	title = {Photonics for artificial intelligence and neuromorphic computing},
	volume = {15},
	copyright = {2021 Springer Nature Limited},
	issn = {1749-4893},
	url = {https://www.nature.com/articles/s41566-020-00754-y},
	doi = {10.1038/s41566-020-00754-y},
	number = {2},
	urldate = {2021-08-31},
	journal = {Nature Photonics},
	author = {Shastri, Bhavin J. and Tait, Alexander N. and Ferreira de Lima, T. and Pernice, Wolfram H. P. and Bhaskaran, Harish and Wright, C. D. and Prucnal, Paul R.},
	month = {feb},
	year = {2021},
}

@article{sheng2012light,
  title={Light trapping limits in plasmonic solar cells: an analytical investigation},
  author={Sheng, Xing and Hu, Juejun and Michel, Jurgen and Kimerling, Lionel C},
  journal={Optics Express},
  volume={20},
  number={104},
  pages={A496--A501},
  year={2012},
  publisher={Optical Society of America}
}

@article{shim2019fundamental,
  title={Fundamental limits to near-field optical response over any bandwidth},
  author={Shim, Hyungki and Fan, Lingling and Johnson, Steven G and Miller, Owen D},
  journal={Physical Review X},
  volume={9},
  number={1},
  pages={011043},
  year={2019},
  publisher={APS},
  doi={10.1103/PhysRevX.9.011043}
}

@article{shrestha2018broadband,
	title = {Broadband achromatic dielectric metalenses},
	volume = {7},
	copyright = {2018 The Author(s)},
	issn = {2047-7538},
	url = {https://www.nature.com/articles/s41377-018-0078-x},
	doi = {10.1038/s41377-018-0078-x},
	number = {1},
	urldate = {2021-09-01},
	journal = {Light: Science \& Applications},
	author = {Shrestha, Sajan and Overvig, Adam C. and Lu, Ming and Stein, Aaron and Yu, Nanfang},
	month = {nov},
	year = {2018},
}

@article{siegel1993refractive,
    author={Siegel, R. and Spuckler, C. M.},
    title={Refractive Index Effects on Radiation in an Absorbing, Emitting, and Scattering Laminated Layer},
    journal={Journal of Heat Transfer},
    volume={115},
    number={1},
    pages={194-200},
    year={1993},
    month={02},
    issn={0022-1481},
    doi={10.1115/1.2910648}
}

@article{simovski2010electromagnetic,
  title={On electromagnetic characterization and homogenization of nanostructured metamaterials},
  author={Simovski, Constantin R},
  journal={Journal of Optics},
  volume={13},
  number={1},
  pages={013001},
  year={2010},
  publisher={IOP Publishing}
}

@article{simovski2019point,
  title={Point-dipole model for metal-enhanced fluorescence},
  author={Simovski, Constantin R},
  journal={Optics Letters},
  volume={44},
  number={11},
  pages={2697--2700},
  year={2019},
  publisher={Optical Society of America}
}

@article{sion1958general,
  title={On general minimax theorems},
  author={Sion, Maurice},
  journal={Pacific Journal of Mathematics},
  volume={8},
  number={1},
  pages={171--176},
  year={1958},
  publisher={Pacific Journal of Mathematics, A Non-profit Corporation}
}

@article{silva2014performing,
	title = {Performing {Mathematical} {Operations} with {Metamaterials}},
	volume = {343},
	copyright = {Copyright © 2014, American Association for the Advancement of Science},
	issn = {0036-8075, 1095-9203},
	url = {https://science.sciencemag.org/content/343/6167/160},
	doi = {10.1126/science.1242818},
	number = {6167},
	urldate = {2021-08-31},
	journal = {Science},
	author = {Silva, Alexandre and Monticone, Francesco and Castaldi, Giuseppe and Galdi, Vincenzo and Alù, Andrea and Engheta, Nader},
	month = {jan},
	year = {2014},
	pmid = {24408430},
	publisher = {American Association for the Advancement of Science
Section: Report},
	pages = {160--163},
}

@article{sitawarin2018inverse,
  title={Inverse-designed photonic fibers and metasurfaces for nonlinear frequency conversion},
  author={Sitawarin, Chawin and Jin, Weiliang and Lin, Zin and Rodriguez, Alejandro W},
  journal={Photonics Research},
  volume={6},
  number={5},
  pages={B82--B89},
  year={2018},
  publisher={Optical Society of America}
}

@article{sohl2007physical,
  title={Physical limitations on metamaterials: Restrictions on scattering and absorption over a frequency interval},
  author={Sohl, Christian and Gustafsson, Mats and Kristensson, Gerhard},
  journal={Journal of Physics D: Applied Physics},
  volume={40},
  number={22},
  pages={7146},
  year={2007},
  publisher={IOP Publishing}
}

@article{soljacic2002photonic-crystal,
	title = {Photonic-crystal slow-light enhancement of nonlinear phase sensitivity},
	volume = {19},
	issn = {0740-3224, 1520-8540},
	url = {https://www.osapublishing.org/abstract.cfm?URI=josab-19-9-2052},
	doi = {10.1364/JOSAB.19.002052},
	
	number = {9},
	urldate = {2021-08-23},
	journal = {Journal of the Optical Society of America B},
	author = {Soljačić, Marin and Johnson, Steven G. and Fan, Shanhui and Ibanescu, Mihai and Ippen, Erich and Joannopoulos, J. D.},
	month = sep,
	year = {2002},
	pages = {2052},
}

@article{soukoulis1977cluster,
  title={Cluster mean-field theory of spin-glasses},
  author={Soukoulis, C M and Levin, K},
  journal={Physical Review Letters},
  volume={39},
  number={9},
  pages={581},
  year={1977},
  publisher={APS}
}

@article{sreekanth2014large,
  title={Large spontaneous emission rate enhancement in grating coupled hyperbolic metamaterials},
  author={Sreekanth, Kandammathe Valiyaveedu and Krishna, Koduru Hari and De Luca, Antonio and Strangi, Giuseppe},
  journal={Scientific Reports},
  volume={4},
  number={1},
  pages={1--7},
  year={2014},
  publisher={Nature Publishing Group},
  dio={10.1038/srep06340}
}

@article{staude2019all,
  title={All-dielectric resonant meta-optics lightens up},
  author={Staude, Isabelle and Pertsch, Thomas and Kivshar, Yuri S},
  journal={ACS Photonics},
  volume={6},
  number={4},
  pages={802--814},
  year={2019},
  publisher={ACS Publications}
}

@book{stoer2013introduction,
  title={Introduction to numerical analysis},
  author={Stoer, Josef and Bulirsch, Roland},
  volume={12},
  year={2013},
  publisher={Springer Science \& Business Media}
}

@book{strang2007computational,
  title={Computational science and engineering},
  author={Strang, Gilbert},
  year={2007},
  publisher={Wellesley-Cambridge Press}
}

@article{svanberg2002class,
  title={A class of globally convergent optimization methods based on conservative convex separable approximations},
  author={Svanberg, Krister},
  journal={SIAM Journal on Optimization},
  volume={12},
  number={2},
  pages={555},
  year={2002},
  publisher={SIAM}
}

@article{su2017inverse,
  title={Inverse design and demonstration of a compact on-chip narrowband three-channel wavelength demultiplexer},
  author={Su, Logan and Piggott, Alexander Y and Sapra, Neil V and Petykiewicz, Jan and Vu{\v{c}}kovi{\'c}, Jelena},
  journal={ACS Photonics},
  volume={5},
  number={2},
  pages={301--305},
  year={2017},
  publisher={ACS Publications}
}

@article{su2019record,
	title = {Record {Purcell} factors in ultracompact hybrid plasmonic ring resonators},
	volume = {5},
	issn = {2375-2548},
	url = {https://advances.sciencemag.org/content/5/8/eaav1790},
	doi = {10.1126/sciadv.aav1790},
	number = {8},
	urldate = {2021-08-15},
	journal = {Science Advances},
	author = {Su, Y. and Chang, P. and Lin, C. and Helmy, A. S.},
	month = aug,
	year = {2019},
	publisher = {American Association for the Advancement of Science Section},
	pages = {eaav1790},
}

@book{stewart2016blackbody,
  title={Blackbody radiation: A history of thermal radiation computational aids and numerical methods},
  author={Stewart, Sean M and Johnson, R Barry},
  year={2016},
  publisher={CRC Press}
}

@article{stewart2008nanostructured,
  title={Nanostructured plasmonic sensors},
  author={Stewart, Matthew E and Anderton, Christopher R and Thompson, Lucas B and Maria, Joana and Gray, Stephen K and Rogers, John A and Nuzzo, Ralph G},
  journal={Chemical Reviews},
  volume={108},
  number={2},
  pages={494--521},
  year={2008},
  publisher={ACS Publications}
}

@article{tang2010optical,
  title={Optical chirality and its interaction with matter},
  author={Tang, Yiqiao and Cohen, Adam E},
  journal={Physical Review Letters},
  volume={104},
  number={16},
  pages={163901},
  year={2010},
  publisher={APS}
}

@article{taylor2021optimal,
  title={An optimal gradient method for smooth (possibly strongly) convex minimization},
  author={Taylor, Adrien and Drori, Yoel},
  journal={arXiv:2101.09741},
  year={2021}
}

@article{tsakmakidis2017breaking,
  title={Breaking Lorentz reciprocity to overcome the time-bandwidth limit in physics and engineering},
  author={Tsakmakidis, Kosmas L and Shen, Linfang and Schulz, Sebastian A and Zheng, Xiaodong and Upham, John and Deng, Xiaohua and Altug, Hatice and Vakakis, Alexander F and Boyd, Robert W},
  journal={Science},
  volume={356},
  number={6344},
  pages={1260--1264},
  year={2017},
  publisher={American Association for the Advancement of Science}
}

@article{thompson2018hundred-fold,
	title = {Hundred-fold enhancement in far-field radiative heat transfer over the blackbody limit},
	volume = {561},
	copyright = {2018 Springer Nature Limited},
	issn = {1476-4687},
	url = {https://www.nature.com/articles/s41586-018-0480-9},
	doi = {10.1038/s41586-018-0480-9},
	
	number = {7722},
	urldate = {2021-08-15},
	journal = {Nature},
	author = {Thompson, Dakotah and Zhu, Linxiao and Mittapally, Rohith and Sadat, Seid and Xing, Zhen and McArdle, Patrick and Qazilbash, M. Mumtaz and Reddy, Pramod and Meyhofer, Edgar},
	month = sep,
	year = {2018},
	pages = {216--221},
}

@article{thureja2020array,
  title={Array-Level Inverse Design of Beam Steering Active Metasurfaces},
  author={Thureja, Prachi and Shirmanesh, Ghazaleh Kafaie and Fountaine, Katherine T and Sokhoyan, Ruzan and Grajower, Meir and Atwater, Harry A},
  journal={ACS Nano},
  year={2020},
  publisher={ACS Publications}
}

@article{tseng2017two,
  title={Two-dimensional active tuning of an aluminum plasmonic array for full-spectrum response},
  author={Tseng, Ming Lun and Yang, Jian and Semmlinger, Michael and Zhang, Chao and Nordlander, Peter and Halas, Naomi J},
  journal={Nano Letters},
  volume={17},
  number={10},
  pages={6034--6039},
  year={2017},
  publisher={ACS Publications}
}

@article{tiedje1984limiting,
  title={Limiting efficiency of silicon solar cells},
  author={Tiedje, Tom and Yablonovitch, Eli and Cody, George D and Brooks, Bonnie G},
  journal={IEEE Transactions on Electron Devices},
  volume={31},
  number={5},
  pages={711--716},
  year={1984},
  publisher={IEEE}
}

@article{torma2014strong,
  title={Strong coupling between surface plasmon polaritons and emitters: a review},
  author={T{\"o}rm{\"a}, P and Barnes, William L},
  journal={Reports on Progress in Physics},
  volume={78},
  number={1},
  pages={013901},
  year={2014},
  publisher={IOP Publishing}
}

@book{Trefethen1997numerical,
  title={Numerical linear algebra},
  author={Trefethen, Lloyd N and Bau III, David},
  volume={50},
  year={1997},
  publisher={Siam}
}

@article{trivedi2020bounds,
  title = {Bounds for scattering from absorptionless electromagnetic structures},
  author = {Trivedi, Rahul and Angeris, Guillermo and Su, Logan and Boyd, Stephen and Fan, Shanhui and Vu\ifmmode \check{c}\else \v{c}\fi{}kovi\ifmmode \acute{c}\else \'{c}\fi{}, Jelena},
  journal = {Physical Review Applied},
  volume = {14},
  issue = {1},
  pages = {014025},
  numpages = {9},
  year = {2020},
  month = {Jul},
  publisher = {American Physical Society},
  doi = {10.1103/PhysRevApplied.14.014025},
}

@book{tsang2004scattering,
  title={Scattering of electromagnetic waves: theories and applications},
  author={Tsang, Leung and Kong, Jin Au and Ding, Kung-Hau},
  volume={27},
  year={2004},
  publisher={John Wiley \& Sons}
}

@article{tsang2011fundamental,
  title={Fundamental quantum limit to waveform estimation},
  author={Tsang, Mankei and Wiseman, Howard M and Caves, Carlton M},
  journal={Physical Review Letters},
  volume={106},
  number={9},
  pages={090401},
  year={2011},
  publisher={APS}
}

@article{tucker2005slow-light,
	title = {Slow-light optical buffers: capabilities and fundamental limitations},
	volume = {23},
	issn = {0733-8724},
	shorttitle = {Slow-light optical buffers},
	url = {http://ieeexplore.ieee.org/document/1566732/},
	doi = {10.1109/JLT.2005.853125},
	
	number = {12},
	urldate = {2021-08-17},
	journal = {Journal of Lightwave Technology},
	author = {Tucker, R.S. and {Pei-Cheng Ku} and Chang-Hasnain, C.J.},
	month = dec,
	year = {2005},
	pages = {4046--4066},
}

@inproceedings{turukhin2002first,
	title = {First observation of ultraslow group velocity of light in a solid},
	volume = {4459},
	url = {https://www.spiedigitallibrary.org/conference-proceedings-of-spie/4459/0000/First-observation-of-ultraslow-group-velocity-of-light-in-a/10.1117/12.454041.short},
	doi = {10.1117/12.454041},
	urldate = {2021-08-23},
	booktitle = {Photorefractive {Fiber} and {Crystal} {Devices}: {Materials}, {Optical} {Properties}, and {Applications} {VII}, and {Optical} {Data} {Storage}},
	publisher = {International Society for Optics and Photonics},
	author = {Turukhin, Alexey V. and Sudarshanam, Venkatapura S. and Musser, J. A. and Shahriar, M. Selim and Hemmer, Philip L.},
	month = jan,
	year = {2002},
	pages = {352--357},
}

@article{valenta2019nearly,
  title={Nearly perfect near-infrared luminescence efficiency of Si nanocrystals: A comprehensive quantum yield study employing the Purcell effect},
  author={Valenta, J and Greben, M and Dyakov, SA and Gippius, NA and Hiller, D and Gutsch, S and Zacharias, M},
  journal={Scientific Reports},
  volume={9},
  number={1},
  pages={1--9},
  year={2019},
  publisher={Nature Publishing Group}
}

@inproceedings{valmadre2017end,
  title={End-to-end representation learning for correlation filter based tracking},
  author={Valmadre, Jack and Bertinetto, Luca and Henriques, Joao and Vedaldi, Andrea and Torr, Philip HS},
  booktitle={Proceedings of the IEEE Conference on Computer Vision and Pattern Recognition},
  pages={2805--2813},
  year={2017}
}

@article{vandenberghe2015chordal,
	title = {Chordal {Graphs} and {Semidefinite} {Optimization}},
	volume = {1},
	issn = {2167-3888},
	url = {https://doi.org/10.1561/2400000006},
	doi = {10.1561/2400000006},
	number = {4},
	urldate = {2021-08-23},
	journal = {Foundations and Trends in Optimization},
	author = {Vandenberghe, Lieven and Andersen, Martin S.},
	month = may,
	year = {2015},
	pages = {241--433},
}

@article{vardeny2013optics,
	title = {Optics of photonic quasicrystals},
	volume = {7},
	issn = {1749-4885, 1749-4893},
	url = {http://www.nature.com/articles/nphoton.2012.343},
	doi = {10.1038/nphoton.2012.343},
	
	number = {3},
	urldate = {2021-08-25},
	journal = {Nature Photonics},
	author = {Vardeny, Z. Valy and Nahata, Ajay and Agrawal, Amit},
	month = mar,
	year = {2013},
	pages = {177--187},
}

@article{venkataram2020casimir,
  title={Fundamental limits to attractive and repulsive Casimir-Polder forces},
  author={Venkataram, Prashanth S and Molesky, Sean and Chao, Pengning and Rodriguez, Alejandro W},
  journal={Physical Review A},
  volume={101},
  number={5},
  pages={052115},
  year={2020},
  publisher={APS}
}

@article{venkataram2020fundamental,
  title={Fundamental limits to radiative heat transfer: the limited role of nanostructuring in the near-field},
  author={Venkataram, Prashanth S and Molesky, Sean and Jin, Weiliang and Rodriguez, Alejandro W},
  journal={Physical Review Letters},
  volume={124},
  number={1},
  pages={013904},
  year={2020},
  publisher={APS}
}

@article{vercruysse2014directional,
  title={Directional fluorescence emission by individual V-antennas explained by mode expansion},
  author={Vercruysse, Dries and Zheng, Xuezhi and Sonnefraud, Yannick and Verellen, Niels and Di Martino, Giuliana and Lagae, Liesbet and Vandenbosch, Guy AE and Moshchalkov, Victor V and Maier, Stefan A and Van Dorpe, Pol},
  journal={ACS Nano},
  volume={8},
  number={8},
  pages={8232--8241},
  year={2014},
  publisher={ACS Publications}
}

@article{vercruysse2019analytical,
  title={Analytical level set fabrication constraints for inverse design},
  author={Vercruysse, Dries and Sapra, Neil V and Su, Logan and Trivedi, Rahul and Vu{\v{c}}kovi{\'c}, Jelena},
  journal={Scientific Reports},
  volume={9},
  number={1},
  pages={8999},
  year={2019},
  publisher={Nature Publishing Group}
}

@article{verdu1998fifty,
  title={Fifty years of $\text{Shannon}$ theory},
  author={Verdu, Sergio},
  journal={IEEE Transactions on information theory},
  volume={44},
  number={6},
  pages={2057--2078},
  year={1998},
  publisher={IEEE}
}

@article{venkataram2019fundamental,
  title={Fundamental limits to near-field radiative heat transfer and the limited role of nanostructuring},
  author={Venkataram, Prashanth S and Molesky, Sean and Jin, Weiliang and Rodriguez, Alejandro W},
  journal={Physical Review Letters},
  volume={124},
  issue={1},
  pages={013904},
  numpages={6},
  year={2020},
  month={Jan},
  publisher = {American Physical Society}
}

@article{vercruysse2019analytical,
  title={Analytical level set fabrication constraints for inverse design},
  author={Vercruysse, Dries and Sapra, Neil V and Su, Logan and Trivedi, Rahul and Vu{\v{c}}kovi{\'c}, Jelena},
  journal={Scientific Reports},
  volume={9},
  number={1},
  pages={1--7},
  year={2019},
  publisher={Nature Publishing Group}
}

@article{verslegers2010temporal,
  title={Temporal coupled-mode theory for resonant apertures},
  author={Verslegers, Lieven and Yu, Zongfu and Catrysse, Peter B and Fan, Shanhui},
  journal={Journal of the Optical Society of America B},
  volume={27},
  number={10},
  pages={1947--1956},
  year={2010},
  publisher={Optical Society of America}
}

@article{vicidomini2018sted,
	title = {{STED} super-resolved microscopy},
	volume = {15},
	copyright = {2018 Nature Publishing Group, a division of Macmillan Publishers Limited. All Rights Reserved.},
	issn = {1548-7105},
	url = {https://www.nature.com/articles/nmeth.4593},
	doi = {10.1038/nmeth.4593},
	
	number = {3},
	urldate = {2021-08-31},
	journal = {Nature Methods},
	author = {Vicidomini, Giuseppe and Bianchini, Paolo and Diaspro, Alberto},
	month = mar,
	year = {2018},
}

@Article{waldvogel1976the,
author={Waldvogel, J{\"o}rg},
title={The Newtonian potential of a homogeneous cube},
journal={Zeitschrift f{\"u}r angewandte Mathematik und Physik ZAMP},
year={1976},
month={Nov},
day={01},
volume={27},
number={6},
pages={867-871},
abstract={Closed form expressions for the Newtonian force field and the Newtonian potential of a homogeneous rectangular parallelepiped were given by MacMillan (1930). Here a new concise derivation by means of multiple summations is presented. Each component of the force is written as a sum of 24 terms involving Artanh and arctan functions, whereas the expression for the potential consists of 48 terms. As a new application, the self-energy is represented in closed form, too.},
issn={1420-9039},
doi={10.1007/BF01595137},
url={https://doi.org/10.1007/BF01595137}
}

@article{wambold2021adjoint,
  title={Adjoint-optimized nanoscale light extractor for nitrogen-vacancy centers in diamond},
  author={Wambold, Raymond A and Yu, Zhaoning and Xiao, Yuzhe and Bachman, Benjamin and Jaffe, Gabriel and Kolkowitz, Shimon and Choy, Jennifer T and Eriksson, Mark A and Hamers, Robert J and Kats, Mikhail A},
  journal={Nanophotonics},
  volume={10},
  number={1},
  pages={393--401},
  year={2021},
  publisher={De Gruyter}
}

@article{wang2009robust,
  title={A robust numerical method for Stokes equations based on divergence-free H (div) finite element methods},
  author={Wang, Junping and Wang, Yanqiu and Ye, Xiu},
  journal={SIAM Journal on Scientific Computing},
  volume={31},
  number={4},
  pages={2784--2802},
  year={2009},
  publisher={SIAM}
}

@article{wang2019hierarchical,
  title={Hierarchical Opals: Biomaterial-Based “Structured Opals” with Programmable Combination of Diffractive Optical Elements and Photonic Bandgap Effects (Adv. Mater. 5/2019)},
  author={Wang, Yu and Li, Wenyi and Li, Meng and Zhao, Siwei and De Ferrari, Fabio and Liscidini, Marco and Omenetto, Fiorenzo G},
  journal={Advanced Materials},
  volume={31},
  number={5},
  pages={1970030},
  year={2019},
  publisher={Wiley Online Library}
}

@article{wang2018maximizing,
  title={Maximizing the quality factor to mode volume ratio for ultra-small photonic crystal cavities},
  author={Wang, Fengwen and Christiansen, Rasmus Elleb{\ae}k and Yu, Yi and M{\o}rk, Jesper and Sigmund, Ole},
  journal={Applied Physics Letters},
  volume={113},
  number={24},
  pages={241101},
  year={2018},
  publisher={AIP Publishing}
}

@article{wang2018diffraction,
  title={Diffraction-Grated Perovskite Induced Highly Efficient Solar Cells through Nanophotonic Light Trapping},
  author={Wang, Yang and Wang, Peng and Zhou, Xue and Li, Chang and Li, Huizeng and Hu, Xiaotian and Li, Fengyu and Liu, Xiaoping and Li, Mingzhu and Song, Yanlin},
  journal={Advanced Energy Materials},
  volume={8},
  number={12},
  pages={1702960},
  year={2018},
  publisher={Wiley Online Library}
}

@article{wang2018broadband,
	title = {A broadband achromatic metalens in the visible},
	volume = {13},
	issn = {1748-3387, 1748-3395},
	url = {http://www.nature.com/articles/s41565-017-0052-4},
	doi = {10.1038/s41565-017-0052-4},
	
	number = {3},
	urldate = {2021-09-01},
	journal = {Nature Nanotechnology},
	author = {Wang, Shuming and Wu, Pin Chieh and Su, Vin-Cent and Lai, Yi-Chieh and Chen, Mu-Ku and Kuo, Hsin Yu and Chen, Bo Han and Chen, Yu Han and Huang, Tzu-Ting and Wang, Jung-Hsi and Lin, Ray-Ming and Kuan, Chieh-Hsiung and Li, Tao and Wang, Zhenlin and Zhu, Shining and Tsai, Din Ping},
	month = mar,
	year = {2018},
	pages = {227--232},
}

@article{welters2014speed,
	title = {Speed-of-light limitations in passive linear media},
	volume = {90},
	issn = {1050-2947, 1094-1622},
	url = {https://link.aps.org/doi/10.1103/PhysRevA.90.023847},
	doi = {10.1103/PhysRevA.90.023847},
	
	number = {2},
	urldate = {2021-08-17},
	journal = {Physical Review A},
	author = {Welters, Aaron and Avniel, Yehuda and Johnson, Steven G.},
	month = aug,
	year = {2014},
	pages = {023847},
}

@article{west2010searching,
  title={Searching for better plasmonic materials},
  author={West, Paul R and Ishii, Satoshi and Naik, Gururaj V and Emani, Naresh K and Shalaev, Vladimir M and Boltasseva, Alexandra},
  journal={Laser \& Photonics Reviews},
  volume={4},
  number={6},
  pages={795--808},
  year={2010},
  publisher={Wiley Online Library},
  doi={10.1002/lpor.200900055}
}

@article{wientjes2014strong,
  title={Strong antenna-enhanced fluorescence of a single light-harvesting complex shows photon antibunching},
  author={Wientjes, Emilie and Renger, Jan and Curto, Alberto G and Cogdell, Richard and Van Hulst, Niek F},
  journal={Nature Communications},
  volume={5},
  pages={4236},
  year={2014},
  publisher={Nature Publishing Group}
}

@article{williams2008highly,
  title={Highly confined guiding of terahertz surface plasmon polaritons on structured metal surfaces},
  author={Williams, Christopher R and Andrews, Steven R and Maier, SA and Fern{\'a}ndez-Dom{\'\i}nguez, AI and Mart{\'\i}n-Moreno, L and Garc{\'\i}a-Vidal, FJ},
  journal={Nature Photonics},
  volume={2},
  number={3},
  pages={175--179},
  year={2008},
  publisher={Nature Publishing Group}
}

@article{wittmann1988spherical,
  title={Spherical wave operators and the translation formulas},
  author={Wittmann, Ronald C},
  journal={IEEE Transactions on Antennas and Propagation},
  volume={36},
  number={8},
  pages={1078--1087},
  year={1988},
  publisher={IEEE}
}

@article{wu2019tunable,
  title={Tunable metasurfaces: A polarization rotator design},
  author={Wu, Zhanni and Ra’di, Younes and Grbic, Anthony},
  journal={Physical Review X},
  volume={9},
  number={1},
  pages={011036},
  year={2019},
  publisher={APS},
  doi={10.1103/PhysRevX.9.011036}
}

@article{xu2015generalized,
  title={The generalized {Shockley}-{Queisser} limit for nanostructured solar cells},
  author={Xu, Yunlu and Gong, Tao and Munday, Jeremy N},
  journal={Scientific Reports},
  volume={5},
  pages={13536},
  year={2015},
  publisher={Nature Publishing Group}
}

@article{xu2019review,
  title={Review on heat conduction, heat convection, thermal radiation and phase change heat transfer of nanofluids in porous media: Fundamentals and applications},
  author={Xu, Huijin J and Xing, Zhanbin B and Wang, FQ and Cheng, ZM},
  journal={Chemical Engineering Science},
  volume={195},
  pages={462--483},
  year={2019},
  publisher={Elsevier}
}

@article{yablonovitch1982statistical,
  title={Statistical ray optics},
  author={Yablonovitch, Eli},
  journal={Journal of the Optical Society of America},
  volume={72},
  number={7},
  pages={899--907},
  year={1982},
  publisher={Optical Society of America}
}

@article{yaghjian1980electric,
  title={Electric dyadic Green's functions in the source region},
  author={Yaghjian, Arthur D},
  journal={Proceedings of the IEEE},
  volume={68},
  number={2},
  pages={248--263},
  year={1980},
  publisher={IEEE}
}

@article{yaghjian2007internal,
  title={Internal energy, {Q}-energy, {Poynting}'s theorem, and the stress dyadic in dispersive material},
  author={Yaghjian, Arthur D},
  journal={IEEE Transactions on Antennas and Propagation},
  volume={55},
  number={6},
  pages={1495--1505},
  year={2007},
  publisher={IEEE},
  doi={10.1109/TAP.2007.897350}
}

@article{yamamoto1986preparation,
  title={Preparation, measurement and information capacity of optical quantum states},
  author={Yamamoto, Y and Haus, HA},
  journal={Reviews of Modern Physics},
  volume={58},
  number={4},
  pages={1001},
  year={1986},
  publisher={APS}
}

@article{yang2017low,
  title={Low-loss plasmonic dielectric nanoresonators},
  author={Yang, Yi and Miller, Owen D and Christensen, Thomas and Joannopoulos, John D and Soljacic, Marin},
  journal={Nano Letters},
  volume={17},
  number={5},
  pages={3238--3245},
  year={2017},
  publisher={ACS Publications}
}

@article{yang2018maximal,
  title={Maximal spontaneous photon emission and energy loss from free electrons},
  author={Yang, Yi and Massuda, Aviram and Roques-Carmes, Charles and Kooi, Steven E and Christensen, Thomas and Johnson, Steven G and Joannopoulos, John D and Miller, Owen D and Kaminer, Ido and Solja{\v{c}}i{\'c}, Marin},
  journal={Nature Physics},
  volume={14},
  number={9},
  pages={894},
  year={2018},
  publisher={Nature Publishing Group}
}

@article{yang2018freeform,
  title={Freeform metagratings based on complex light scattering dynamics for extreme, high efficiency beam steering},
  author={Yang, Jianji and Sell, David and Fan, Jonathan A},
  journal={Annalen der Physik},
  volume={530},
  number={1},
  pages={1700302},
  year={2018},
  publisher={Wiley Online Library}
}

@article{yang2020density,
  title={Density-matrix formalism for modal coupling and dispersion in mode-division multiplexing communications systems},
  author={Yang, Zhenshan and Zhang, Xiaoguang and Zhang, Bin and Zhang, Xia and Zhang, Zhentao and Meng, Xiangguo and Bai, Chenglin},
  journal={Optics Express},
  volume={28},
  number={13},
  pages={18658--18680},
  year={2020},
  publisher={Optical Society of America}
}

@article{yao2020approaching,
	title = {Approaching the upper limits of the local density of states via optimized metallic cavities},
	volume = {28},
	issn = {1094-4087},
	url = {https://www.osapublishing.org/abstract.cfm?URI=oe-28-16-24185},
	doi = {10.1364/OE.397502},
	
	number = {16},
	urldate = {2021-05-02},
	journal = {Optics Express},
	author = {Yao, Wenjie and Benzaouia, Mohammed and Miller, Owen D. and Johnson, Steven G.},
	month = aug,
	year = {2020},
	pages = {24185},
}

@article{yariv1999coupled-resonator,
	title = {Coupled-resonator optical waveguide: a proposal and analysis},
	volume = {24},
	issn = {0146-9592, 1539-4794},
	shorttitle = {Coupled-resonator optical waveguide},
	url = {https://www.osapublishing.org/abstract.cfm?URI=ol-24-11-711},
	doi = {10.1364/OL.24.000711},
	
	number = {11},
	urldate = {2021-08-23},
	journal = {Optics Letters},
	author = {Yariv, Amnon and Xu, Yong and Lee, Reginald K. and Scherer, Axel},
	month = jun,
	year = {1999},
	pages = {711},
}

@book{yariv2006photonics,
  title={Photonics: optical electronics in modern communications},
  author={Yariv, Amnon and Yeh, Pochi},
  year={2006},
  publisher={Oxford University Press, Inc.}
}

@article{yoon2015broadband,
  title={Broadband epsilon-near-zero perfect absorption in the near-infrared},
  author={Yoon, Junho and Zhou, Ming and Badsha, Md Alamgir and Kim, Tae Young and Jun, Young Chul and Hwangbo, Chang Kwon},
  journal={Scientific Reports},
  volume={5},
  number={1},
  pages={1--8},
  year={2015},
  doi={10.1038/srep12788},
  publisher={Nature Publishing Group}
}

@article{yu2017demonstration,
  title={Demonstration of a self-pulsing photonic crystal Fano laser},
  author={Yu, Yi and Xue, Weiqi and Semenova, Elizaveta and Yvind, Kresten and Mork, Jesper},
  journal={Nature Photonics},
  volume={11},
  number={2},
  pages={81},
  year={2017},
  publisher={Nature Publishing Group}
}

@article{yu2010fundamental,
  title={Fundamental limit of nanophotonic light trapping in solar cells},
  author={Yu, Zongfu and Raman, Aaswath and Fan, Shanhui},
  journal={Proceedings of the National Academy of Sciences},
  volume={107},
  number={41},
  pages={17491--17496},
  year={2010},
  publisher={National Acad Sciences}
}

@article{yu2010grating,
  title={Fundamental limit of light trapping in grating structures}, author={Yu, Zongfu and Raman, Aaswath and Fan, Shanhui},
  journal={Optics Express},
  volume={18},
  number={103},
  pages={A366--A380},
  year={2010},
  publisher={Optical Society of America}
}

@article{yu2011angular,
  title={Angular constraint on light-trapping absorption enhancement in solar cells},
  author={Yu, Zongfu and Fan, Shanhui},
  journal={Applied Physics Letters},
  volume={98},
  number={1},
  pages={011106},
  year={2011},
  publisher={AIP}
}

@article{yu2012thermodynamic,
  title={Thermodynamic upper bound on broadband light coupling with photonic structures},
  author={Yu, Zongfu and Raman, Aaswath and Fan, Shanhui},
  journal={Physical Review Letters},
  volume={109},
  number={17},
  pages={173901},
  year={2012},
  publisher={APS}
}

@article{yu2021engineered,
	title = {Engineered disorder in photonics},
	volume = {6},
	issn = {2058-8437},
	url = {http://www.nature.com/articles/s41578-020-00263-y},
	doi = {10.1038/s41578-020-00263-y},
	
	number = {3},
	urldate = {2021-08-25},
	journal = {Nature Reviews Materials},
	author = {Yu, Sunkyu and Qiu, Cheng-Wei and Chong, Yidong and Torquato, Salvatore and Park, Namkyoo},
	month = mar,
	year = {2021},
	pages = {226--243},
}

@article{zakowicz2002extinction,
  title={On the extinction paradox},
  author={{\.Z}akowicz, W},
  journal={Acta Physica Polonica A},
  volume={3},
  number={101},
  pages={369--385},
  year={2002}
}

@article{zalogina2018purcell,
  title={Purcell effect in active diamond nanoantennas},
  author={Zalogina, Anastasia S and Savelev, RS and Ushakova, Elena V and Zograf, GP and Komissarenko, FE and Milichko, VA and Makarov, SV and Zuev, DA and Shadrivov, IV},
  journal={Nanoscale},
  volume={10},
  number={18},
  pages={8721--8727},
  year={2018},
  publisher={Royal Society of Chemistry}
}

@inproceedings{zualinescu2019constrained,
  title={On Constrained Optimization Problems Solved Using the Canonical Duality Theory},
  author={Z{\u{a}}linescu, Constantin},
  booktitle={World Congress on Global Optimization},
  pages={155--163},
  year={2019},
  organization={Springer}
}

@article{zualinescu2021canonical,
  title={On canonical duality theory and constrained optimization problems},
  author={Z{\u{a}}linescu, Constantin},
  journal={Journal of Global Optimization},
  pages={1--18},
  year={2021},
  publisher={Springer}
}

@article{zhan2019controlling,
  title={Controlling three-dimensional optical fields via inverse Mie scattering},
  author={Zhan, Alan and Gibson, Ricky and Whitehead, James and Smith, Evan and Hendrickson, Joshua R and Majumdar, Arka},
  journal={Science Advances},
  volume={5},
  number={10},
  pages={4769},
  year={2019},
  publisher={American Association for the Advancement of Science}
}

@article{zhang2019scattering,
  title={Scattering concentration bounds: brightness theorems for waves},
  author={Zhang, Hanwen and Hsu, Chia Wei and Miller, Owen D},
  journal={Optica},
  volume={6},
  number={10},
  pages={1321--1327},
  year={2019},
  publisher={Optical Society of America}
}

@article{zhang2011unified,
  title={A unified primal-dual algorithm framework based on Bregman iteration},
  author={Zhang, Xiaoqun and Burger, Martin and Osher, Stanley},
  journal={Journal of Scientific Computing},
  volume={46},
  number={1},
  pages={20--46},
  year={2011},
  publisher={Springer}
}

@article{zhang2019phase,
  title={Phase-Modulated Scattering Manipulation for Exterior Cloaking in Metal--Dielectric Hybrid Metamaterials},
  author={Zhang, Fuli and Li, Chang and Fan, Yuancheng and Yang, Ruisheng and Shen, Nian-Hai and Fu, Quanhong and Zhang, Weihong and Zhao, Qian and Zhou, Ji and Koschny, Thomas and others},
  journal={Advanced Materials},
  volume={31},
  number={39},
  pages={1903206},
  year={2019},
  publisher={Wiley Online Library}
}

@article{zhang2021conservationlawbased,
  title = {Conservation-Law-Based Global Bounds to Quantum Optimal Control},
  author = {Zhang, Hanwen and Kuang, Zeyu and Puri, Shruti and Miller, Owen D.},
  journal = {Phys. Rev. Lett.},
  volume = {127},
  issue = {11},
  pages = {110506},
  numpages = {8},
  year = {2021},
  month = {Sep},
  publisher = {American Physical Society},
  doi = {10.1103/PhysRevLett.127.110506},
  url = {https://link.aps.org/doi/10.1103/PhysRevLett.127.110506}
}

@article{zhang2021metasurfaces,
	title = {Metasurfaces for biomedical applications: imaging and sensing from a nanophotonics perspective},
	volume = {10},
	issn = {2192-8614},
	shorttitle = {Metasurfaces for biomedical applications},
	url = {https://www.degruyter.com/document/doi/10.1515/nanoph-2020-0373/html},
	doi = {10.1515/nanoph-2020-0373},
	
	number = {1},
	urldate = {2021-08-31},
	journal = {Nanophotonics},
	author = {Zhang, Shuyan and Wong, Chi Lok and Zeng, Shuwen and Bi, Renzhe and Tai, Kolvyn and Dholakia, Kishan and Olivo, Malini},
	month = jan,
	year = {2021},
}

@article{zhao2020minimum,
	title = {Minimum dielectric-resonator mode volumes},
	journal = {arXiv:2008.13241},
	author = {Zhao, Qingqing and Zhang, Lang and Miller, Owen D.},
	month = aug,
	year = {2020},
}

@article{zhao2022efficient,
  title={Efficient method for accelerating line searches in adjoint optimization of photonic devices by combining Schur complement domain decomposition and Born series expansions},
  author={Zhao, Nathan Z and Boutami, Salim and Fan, Shanhui},
  journal={Optics Express},
  volume={30},
  number={4},
  pages={6413--6424},
  year={2022},
  publisher={Optica Publishing Group}
}

@article{zhou2013lasing,
  title={Lasing action in strongly coupled plasmonic nanocavity arrays},
  author={Zhou, Wei and Dridi, Montacer and Suh, Jae Yong and Kim, Chul Hoon and Co, Dick T and Wasielewski, Michael R and Schatz, George C and Odom, Teri W and others},
  journal={Nature Nanotechnology},
  volume={8},
  number={7},
  pages={506},
  year={2013},
  publisher={Nature Publishing Group}
}

@book{zhu2006multigrid,
  title={Multigrid finite element methods for electromagnetic field modeling},
  author={Zhu, Yu and Cangellaris, Andreas C},
  volume={28},
  year={2006},
  publisher={John Wiley \& Sons}
}

@article{zuo2019all,
  title={All-optical neural network with nonlinear activation functions},
  author={Zuo, Ying and Li, Bohan and Zhao, Yujun and Jiang, Yue and Chen, You-Chiuan and Chen, Peng and Jo, Gyu-Boong and Liu, Junwei and Du, Shengwang},
  journal={Optica},
  volume={6},
  number={9},
  pages={1132--1137},
  year={2019},
  publisher={Optical Society of America}
}
